symbol,quarter,total_revenue,net_income,gross_profit,operating_income,ebitda,research_development,interest_expense,total_assets,stockholders_equity,total_debt,cash_and_equivalents,inventory,accounts_receivable,operating_cash_flow,free_cash_flow,capital_expenditure,change_in_cash
AAPL,2025-06-30,94036000000.0,23434000000.0,43718000000.0,28202000000.0,28031000000.0,8866000000.0,,331495000000.0,65830000000.0,101698000000.0,36269000000.0,5925000000.0,46835000000.0,27867000000.0,33878000000.0,6011000000.0,
AAPL,2025-03-31,95359000000.0,24780000000.0,44867000000.0,29589000000.0,32250000000.0,8550000000.0,,331233000000.0,66796000000.0,98186000000.0,28162000000.0,6269000000.0,49798000000.0,23952000000.0,27023000000.0,3071000000.0,
AAPL,2024-12-31,124300000000.0,36330000000.0,58275000000.0,42832000000.0,45912000000.0,8268000000.0,,344085000000.0,66758000000.0,96799000000.0,30299000000.0,6911000000.0,59306000000.0,29935000000.0,32875000000.0,2940000000.0,
AAPL,2024-09-30,94930000000.0,14736000000.0,43879000000.0,29591000000.0,32502000000.0,7765000000.0,,364980000000.0,56950000000.0,106629000000.0,29943000000.0,7286000000.0,66243000000.0,26811000000.0,29719000000.0,2908000000.0,
AAPL,2024-06-30,85777000000.0,21448000000.0,39678000000.0,25352000000.0,28202000000.0,8006000000.0,,331612000000.0,66708000000.0,101304000000.0,25565000000.0,6165000000.0,43172000000.0,28858000000.0,31009000000.0,2151000000.0,
AAPL,2024-03-31,90753000000.0,23636000000.0,42271000000.0,27900000000.0,30736000000.0,7903000000.0,,337411000000.0,74194000000.0,104590000000.0,32695000000.0,6232000000.0,41150000000.0,22690000000.0,24686000000.0,1996000000.0,
AAPL,2023-12-31,119575000000.0,33916000000.0,54855000000.0,40373000000.0,43221000000.0,7696000000.0,1002000000.0,353514000000.0,74100000000.0,108040000000.0,40760000000.0,6511000000.0,50102000000.0,39895000000.0,42287000000.0,2392000000.0,
AAPL,2023-09-30,89498000000.0,22956000000.0,40427000000.0,26969000000.0,29622000000.0,7307000000.0,1002000000.0,352583000000.0,62146000000.0,123930000000.0,29965000000.0,6331000000.0,60985000000.0,21598000000.0,23761000000.0,2163000000.0,839000000.0
AAPL,2023-06-30,81797000000.0,19881000000.0,36413000000.0,22998000000.0,26050000000.0,7442000000.0,998000000.0,335038000000.0,60274000000.0,109280000000.0,28408000000.0,7351000000.0,39186000000.0,26380000000.0,28473000000.0,2093000000.0,2769000000.0
AAPL,2023-03-31,94836000000.0,24160000000.0,41976000000.0,28318000000.0,31216000000.0,7457000000.0,930000000.0,332160000000.0,62158000000.0,109615000000.0,24687000000.0,7482000000.0,35899000000.0,28560000000.0,31476000000.0,2916000000.0,5155000000.0
AAPL,2022-12-31,117154000000.0,29998000000.0,50332000000.0,36016000000.0,38932000000.0,7709000000.0,1003000000.0,346747000000.0,56727000000.0,111110000000.0,20535000000.0,6820000000.0,54180000000.0,34005000000.0,37792000000.0,3787000000.0,-3003000000.0
AAPL,2022-09-30,90146000000.0,20721000000.0,38095000000.0,24894000000.0,28349000000.0,6761000000.0,827000000.0,352755000000.0,50672000000.0,120069000000.0,23646000000.0,4946000000.0,60932000000.0,24127000000.0,27416000000.0,3289000000.0,-3884000000.0
AAPL,2022-06-30,82959000000.0,19442000000.0,35885000000.0,23076000000.0,26590000000.0,6797000000.0,719000000.0,336309000000.0,58107000000.0,119691000000.0,27502000000.0,5433000000.0,42242000000.0,22892000000.0,24994000000.0,2102000000.0,-319000000.0
AAPL,2022-03-31,97278000000.0,25010000000.0,42559000000.0,29979000000.0,33567000000.0,6387000000.0,691000000.0,350662000000.0,67399000000.0,119981000000.0,28098000000.0,5460000000.0,45400000000.0,28166000000.0,30680000000.0,2514000000.0,-9450000000.0
AAPL,2021-12-31,123945000000.0,34630000000.0,54243000000.0,41488000000.0,44632000000.0,6306000000.0,694000000.0,381191000000.0,71932000000.0,122798000000.0,37119000000.0,5876000000.0,65253000000.0,46966000000.0,49769000000.0,2803000000.0,2701000000.0
AAPL,2021-09-30,83360000000.0,20551000000.0,35174000000.0,23786000000.0,26909000000.0,5772000000.0,672000000.0,351002000000.0,63090000000.0,124719000000.0,34940000000.0,6580000000.0,51506000000.0,20200000000.0,23423000000.0,3223000000.0,653000000.0
AAPL,2021-06-30,81434000000.0,21744000000.0,35255000000.0,24126000000.0,27866000000.0,5717000000.0,665000000.0,329840000000.0,64280000000.0,121791000000.0,34050000000.0,5178000000.0,33908000000.0,21094000000.0,23187000000.0,2093000000.0,-4730000000.0
AAPL,2021-03-31,89584000000.0,23630000000.0,38079000000.0,27503000000.0,31478000000.0,5262000000.0,670000000.0,337158000000.0,69178000000.0,121645000000.0,38466000000.0,5219000000.0,33036000000.0,23981000000.0,26250000000.0,2269000000.0,2287000000.0
AAPL,2020-12-31,111439000000.0,28755000000.0,44328000000.0,33534000000.0,36883000000.0,5163000000.0,638000000.0,354054000000.0,66224000000.0,112043000000.0,36010000000.0,4973000000.0,58620000000.0,38763000000.0,42263000000.0,3500000000.0,-2070000000.0
AAPL,2020-09-30,64698000000.0,12673000000.0,24689000000.0,14775000000.0,18237000000.0,4978000000.0,634000000.0,323888000000.0,65339000000.0,112436000000.0,38016000000.0,4061000000.0,37445000000.0,20576000000.0,22360000000.0,1784000000.0,4750000000.0
ACMR,2025-03-31,172347000.0,20380000.0,82550000.0,25777000.0,25777000.0,27503000.0,1558000.0,1933768000.0,949146000.0,237139000.0,457240000.0,609567000.0,422899000.0,5282000.0,22383000.0,17101000.0,
ACMR,2024-12-31,223471000.0,31080000.0,110815000.0,43989000.0,60547000.0,27750000.0,1228000.0,1855721000.0,904625000.0,188783000.0,407445000.0,597984000.0,428904000.0,88595000.0,101512000.0,12917000.0,
ACMR,2024-09-30,203976000.0,30904000.0,104834000.0,44184000.0,46276000.0,27837000.0,1208000.0,1794175000.0,888166000.0,176214000.0,333472000.0,628720000.0,428438000.0,11913000.0,44448000.0,32535000.0,
ACMR,2024-06-30,202480000.0,24210000.0,96784000.0,37593000.0,39844000.0,25968000.0,932000.0,1667575000.0,833169000.0,151195000.0,324031000.0,602927000.0,293499000.0,61591000.0,75168000.0,13577000.0,
ACMR,2024-03-31,152191000.0,17433000.0,79121000.0,25232000.0,27750000.0,23918000.0,783000.0,1556749000.0,796202000.0,121161000.0,211305000.0,581140000.0,296371000.0,-9049000.0,17038000.0,26087000.0,
ACMR,2023-12-31,170321000.0,17700000.0,79076000.0,23374000.0,25445000.0,32465000.0,697000.0,1490908000.0,767390000.0,99096000.0,182090000.0,545395000.0,325683000.0,-38353000.0,-25161000.0,13192000.0,
ACMR,2023-09-30,168569000.0,25679000.0,88514000.0,33173000.0,34418000.0,26151000.0,640000.0,1410248000.0,729050000.0,87565000.0,207101000.0,507431000.0,284603000.0,-17825000.0,10403000.0,28228000.0,
ACMR,2023-06-30,144577000.0,26825000.0,68639000.0,30430000.0,44125000.0,20064000.0,649000.0,1316914000.0,691954000.0,80923000.0,257420000.0,471094000.0,236391000.0,11349000.0,19217000.0,7868000.0,8635000.0
ACMR,2023-03-31,74256000.0,7145000.0,39986000.0,8862000.0,8862000.0,14029000.0,695000.0,1312751000.0,691927000.0,84767000.0,260387000.0,473299000.0,222308000.0,-30494000.0,-15444000.0,15050000.0,17180000.0
ACMR,2022-12-31,108542000.0,11809000.0,53805000.0,16670000.0,17932000.0,17835000.0,669000.0,1235500000.0,674856000.0,79502000.0,247951000.0,393172000.0,182936000.0,1336000.0,74360000.0,73024000.0,-98119000.0
ACMR,2022-09-30,133709000.0,21004000.0,65967000.0,31636000.0,31636000.0,15678000.0,419000.0,1147666000.0,643015000.0,74405000.0,336275000.0,327792000.0,203539000.0,-100000.0,15820000.0,15920000.0,32633000.0
ACMR,2022-06-30,104395000.0,16748000.0,44157000.0,20035000.0,20035000.0,11367000.0,306000.0,1071524000.0,655005000.0,31346000.0,323716000.0,288080000.0,172356000.0,-33568000.0,-31443000.0,2125000.0,-32447000.0
ACMR,2022-03-31,42186000.0,-7443000.0,19686000.0,-9306000.0,-9980000.0,17346000.0,261000.0,1087372000.0,674386000.0,38413000.0,380311000.0,271538000.0,131560000.0,-27729000.0,-24145000.0,3584000.0,-184060000.0
ACMR,2021-12-31,95142000.0,15565000.0,45446000.0,19126000.0,19882000.0,12914000.0,191000.0,1052179000.0,676204000.0,39140000.0,563067000.0,218116000.0,125614000.0,-36271000.0,-32036000.0,4235000.0,496997000.0
ACMR,2021-09-30,67013000.0,10155000.0,29685000.0,11795000.0,11641000.0,7856000.0,191000.0,469509000.0,173016000.0,45231000.0,65036000.0,176609000.0,97952000.0,-4063000.0,-1370000.0,2693000.0,-7732000.0
ACMR,2021-06-30,53864000.0,6567000.0,21680000.0,4331000.0,4816000.0,7933000.0,194000.0,418958000.0,160823000.0,47887000.0,70209000.0,136852000.0,82090000.0,-10501000.0,-9295000.0,1206000.0,-9656000.0
ACMR,2021-03-31,43732000.0,5470000.0,18045000.0,3450000.0,3996000.0,5504000.0,189000.0,371819000.0,148311000.0,47963000.0,78796000.0,103226000.0,71610000.0,10742000.0,12320000.0,1578000.0,7784000.0
ACMR,2020-12-31,45562000.0,8529000.0,19674000.0,5432000.0,5713000.0,5878000.0,371000.0,341257000.0,141150000.0,50097000.0,71766000.0,88639000.0,66120000.0,-5511000.0,30001000.0,35512000.0,-22532000.0
ACMR,2020-09-30,47665000.0,8627000.0,20341000.0,7506000.0,7839000.0,4343000.0,272000.0,296619000.0,126942000.0,32895000.0,92203000.0,64182000.0,65973000.0,2615000.0,5566000.0,2951000.0,2375000.0
ACMR,2020-06-30,39049000.0,-81000.0,19356000.0,7336000.0,7565000.0,5221000.0,228000.0,257402000.0,89907000.0,30420000.0,86397000.0,49772000.0,66554000.0,-14480000.0,2424000.0,16904000.0,-24658000.0
AFRM,2025-03-31,783134000.0,2804000.0,512116000.0,-8393000.0,,,107631000.0,10436187000.0,2874916000.0,7358282000.0,1351148000.0,,220279000.0,210388000.0,263400000.0,53012000.0,
AFRM,2024-12-31,866381000.0,80360000.0,602208000.0,-4322000.0,245515000.0,,107762000.0,10481077000.0,2785540000.0,7496019000.0,1200381000.0,-593376000.0,203626000.0,312017000.0,355922000.0,43905000.0,
AFRM,2024-09-30,698479000.0,-100222000.0,469043000.0,-132623000.0,-71902000.0,134290000.0,104145000.0,10139159000.0,2835572000.0,7119908000.0,1046160000.0,,308394000.0,196867000.0,241019000.0,44152000.0,
AFRM,2024-06-30,659185000.0,-45136000.0,570019000.0,69396000.0,130559000.0,124231000.0,95256000.0,9519619000.0,2731989000.0,6454705000.0,1295399000.0,-300592000.0,353064000.0,68763000.0,107019000.0,38256000.0,
AFRM,2024-03-31,576157000.0,-133936000.0,487948000.0,-20994000.0,-5485000.0,124828000.0,90449000.0,9201426000.0,2623460000.0,6283106000.0,1619691000.0,-418124000.0,293515000.0,208152000.0,254628000.0,46476000.0,
AFRM,2023-12-31,591110000.0,-166902000.0,381074000.0,-172151000.0,-56473000.0,119833000.0,84617000.0,9064989000.0,2634884000.0,6243372000.0,1036719000.0,-29000.0,5283894000.0,74321000.0,113068000.0,38747000.0,
AFRM,2023-09-30,496547000.0,-171783000.0,287911000.0,-209447000.0,-56678000.0,132965000.0,73931000.0,8407149000.0,2566800000.0,5682158000.0,1079261000.0,1.0,4553588000.0,98902000.0,134719000.0,35817000.0,
AFRM,2023-06-30,445825000.0,-205962000.0,222260000.0,-243828000.0,-100991000.0,152318000.0,63008000.0,8155615000.0,2534183000.0,5451006000.0,892027000.0,1.0,199161000.0,43789000.0,68647000.0,24858000.0,-123836000.0
AFRM,2023-03-31,380978000.0,-205677000.0,153957000.0,-258847000.0,-107856000.0,161792000.0,51188000.0,7507849000.0,2511136000.0,4816482000.0,972477000.0,-3160313000.0,3735022000.0,-54275000.0,-23759000.0,30516000.0,-484192000.0
AFRM,2022-12-31,399558000.0,-322437000.0,176303000.0,-359532000.0,-257250000.0,156747000.0,43751000.0,7804751000.0,2510148000.0,5090531000.0,1440333000.0,3495143000.0,201622000.0,-28548000.0,5702000.0,34250000.0,-50946000.0
AFRM,2022-09-30,361624000.0,-251269000.0,162304000.0,-262401000.0,-205501000.0,144961000.0,25066000.0,7165060000.0,2563438000.0,4374244000.0,1530132000.0,1.0,154869000.0,51215000.0,82366000.0,31151000.0,368030000.0
AFRM,2022-06-30,364134000.0,-186396000.0,181391000.0,-257809000.0,-167984000.0,135350000.0,19417000.0,6973792000.0,2618255000.0,4078208000.0,1255171000.0,-72669000.0,161943000.0,-10715000.0,41736000.0,52451000.0,-1113707000.0
AFRM,2022-03-31,354762000.0,-54671000.0,201100000.0,-210727000.0,-25486000.0,110291000.0,15824000.0,7031726000.0,2576055000.0,4090387000.0,2261937000.0,-58443000.0,124614000.0,-27981000.0,-6886000.0,21095000.0,-138242000.0
AFRM,2021-12-31,361011000.0,-159735000.0,224173000.0,-196200000.0,-129795000.0,94989000.0,17700000.0,6952449000.0,2468322000.0,4340480000.0,2567401000.0,-88565000.0,2429195000.0,-440254000.0,-418442000.0,21812000.0,1135943000.0
AFRM,2021-09-30,269385000.0,-306615000.0,166171000.0,-166071000.0,-279150000.0,78013000.0,16753000.0,5402099000.0,2377358000.0,2144921000.0,1439531000.0,-43016000.0,100951000.0,365150000.0,381497000.0,16347000.0,-20407000.0
AFRM,2021-06-30,261780000.0,-128227000.0,168623000.0,-124690000.0,-132125000.0,81952000.0,15623000.0,4866967000.0,2581153000.0,1907354000.0,1466558000.0,-145377000.0,91575000.0,-15676000.0,-7838000.0,7838000.0,
AFRM,2021-03-31,230665000.0,-247159000.0,110602000.0,-169456000.0,-227543000.0,93707000.0,14665000.0,4766389000.0,2404021000.0,2038044000.0,1623672000.0,-124444000.0,66080000.0,-123258000.0,-117907000.0,5351000.0,
AFRM,2020-12-31,204041000.0,-31557000.0,145605000.0,-31719000.0,-11182000.0,2200000.0,12060000.0,2708122000.0,-349584000.0,1710594000.0,520741000.0,-21402000.0,1836615000.0,-47655000.0,-44761000.0,2894000.0,
AFRM,2020-09-30,173978000.0,-15275000.0,126712000.0,-44623000.0,-1106000.0,2600000.0,1958000.0,2453483000.0,1181985000.0,1219018000.0,684423000.0,-4085000.0,49026000.0,-2304000.0,1865000.0,4169000.0,
AFRM,2020-06-30,153332000.0,35691000.0,106782000.0,39320000.0,44703000.0,118378000.0,7817000.0,1402251000.0,-367096000.0,917146000.0,267059000.0,-4459000.0,59001000.0,-28447000.0,-26132000.0,2315000.0,
ALAB,2025-03-31,159442000.0,31819000.0,119411000.0,11285000.0,12410000.0,64554000.0,,1121694000.0,1041562000.0,,86431000.0,51057000.0,69778000.0,10504000.0,15043000.0,4539000.0,
ALAB,2024-12-31,141096000.0,24713000.0,104448000.0,144000.0,1118000.0,56524000.0,,1054508000.0,964799000.0,1286000.0,79551000.0,43215000.0,38811000.0,39703000.0,55151000.0,15448000.0,
ALAB,2024-09-30,113086000.0,-7593000.0,87877000.0,-8896000.0,-8047000.0,50659000.0,,983065000.0,889612000.0,,126117000.0,24415000.0,25386000.0,63508000.0,80205000.0,16697000.0,
ALAB,2024-06-30,76850000.0,-7546000.0,59854000.0,-24347000.0,-23630000.0,40089000.0,,915515000.0,845252000.0,2133000.0,421076000.0,28572000.0,22233000.0,29813000.0,31137000.0,1324000.0,
ALAB,2024-03-31,65258000.0,-92995000.0,50520000.0,-82967000.0,-82353000.0,53558000.0,,864901000.0,808784000.0,2333000.0,696077000.0,29567000.0,16757000.0,3652000.0,7076000.0,3424000.0,
ALAB,2023-12-31,50514000.0,14325000.0,39025000.0,9020000.0,9560000.0,19654000.0,,196292000.0,157426000.0,2934000.0,45098000.0,24095000.0,8335000.0,14399000.0,15410000.0,1011000.0,
ALAB,2023-09-30,36928000.0,-3124000.0,28105000.0,-1977000.0,-1499000.0,20626000.0,,,,,,,,-334000.0,402000.0,736000.0,
ALAB,2023-06-30,10688000.0,-20004000.0,8439000.0,-17613000.0,-17207000.0,17860000.0,,,,,,,,-22962000.0,-22387000.0,575000.0,
ALAB,2023-03-31,17664000.0,-17454000.0,4258000.0,-18927000.0,-18570000.0,15267000.0,,,169835000.0,,-163144000.0,,,-3819000.0,-3380000.0,439000.0,
ALAB,2022-12-31,20355000.0,-20097000.0,14637000.0,-21838000.0,-20341000.0,27765000.0,,211731000.0,169835000.0,1958000.0,76088000.0,28874000.0,10721000.0,,,,
ALAB,2022-09-30,23103000.0,-5342000.0,17197000.0,-6099000.0,901000.0,14240000.0,,,,,,,,,,0.0,
ALAB,2022-06-30,21396000.0,-27334000.0,16037000.0,-28072000.0,-27857000.0,22431000.0,,,,,,,,,,,
ALAB,2022-03-31,15018000.0,-5572000.0,10810000.0,-4185000.0,-4185000.0,9275000.0,,,,,,,,,,,
AMSC,2025-06-30,72358000.0,6724000.0,24489000.0,5644000.0,8395000.0,4304000.0,,452846000.0,333116000.0,3760000.0,207890000.0,71602000.0,54684000.0,4125000.0,4939000.0,814000.0,
AMSC,2025-03-31,66655000.0,1205000.0,17691000.0,1653000.0,3452000.0,3493000.0,,310521000.0,197114000.0,3369000.0,79494000.0,71169000.0,46186000.0,6290000.0,7329000.0,1039000.0,
AMSC,2024-12-31,61403000.0,2465000.0,16326000.0,1315000.0,3111000.0,3000000.0,,310278000.0,192676000.0,3400000.0,75203000.0,74588000.0,44135000.0,5874000.0,6398000.0,524000.0,
AMSC,2024-09-30,54471000.0,4887000.0,15613000.0,-753000.0,3942000.0,2646000.0,,298448000.0,187015000.0,3369000.0,72131000.0,70880000.0,40059000.0,12712000.0,13299000.0,587000.0,
AMSC,2024-06-30,40290000.0,-2524000.0,12225000.0,-3291000.0,1637000.0,2286000.0,,240143000.0,143344000.0,4230000.0,93923000.0,45149000.0,23529000.0,3409000.0,3674000.0,265000.0,
AMSC,2024-03-31,42028000.0,-1579000.0,10431000.0,-2227000.0,777000.0,2298000.0,,232771000.0,144571000.0,2709000.0,90990000.0,41857000.0,26325000.0,2235000.0,2553000.0,318000.0,
AMSC,2023-12-31,39353000.0,-1649000.0,9984000.0,-1438000.0,418000.0,2199000.0,,166343000.0,79525000.0,2582000.0,23979000.0,44197000.0,24721000.0,1251000.0,1456000.0,205000.0,
AMSC,2023-09-30,34004000.0,-2485000.0,8586000.0,-2369000.0,-302000.0,1641000.0,,171327000.0,76894000.0,2682000.0,22818000.0,47835000.0,27509000.0,897000.0,1113000.0,216000.0,
AMSC,2023-06-30,30254000.0,-5398000.0,6282000.0,-5333000.0,-2858000.0,1853000.0,174000.0,170634000.0,77918000.0,2901000.0,22005000.0,42874000.0,30116000.0,-2245000.0,-2031000.0,214000.0,-2555000.0
AMSC,2023-03-31,31743000.0,-6870000.0,3813000.0,-6839000.0,-4124000.0,1890000.0,111000.0,175561000.0,81797000.0,3082000.0,23360000.0,36986000.0,30665000.0,-5418000.0,-5152000.0,266000.0,
AMSC,2022-12-31,23881000.0,-9581000.0,517000.0,-9209000.0,-8124000.0,2083000.0,42000.0,165072000.0,87207000.0,3304000.0,23685000.0,38725000.0,17568000.0,-5495000.0,-5085000.0,410000.0,-6024000.0
AMSC,2022-09-30,27680000.0,-9881000.0,1970000.0,-8092000.0,-6984000.0,2314000.0,45000.0,171747000.0,95383000.0,3524000.0,27811000.0,36342000.0,20391000.0,-5709000.0,-5590000.0,119000.0,-5757000.0
AMSC,2022-06-30,22679000.0,-8710000.0,2221000.0,-8869000.0,-7298000.0,2678000.0,24000.0,176508000.0,101913000.0,3747000.0,33355000.0,32924000.0,21731000.0,-5863000.0,-5422000.0,441000.0,-6379000.0
AMSC,2022-03-31,28309000.0,-5032000.0,3291000.0,-4907000.0,-4985000.0,2102000.0,7000.0,173887000.0,109389000.0,3802000.0,40584000.0,23666000.0,20280000.0,-3052000.0,-2824000.0,228000.0,-3066000.0
AMSC,2021-12-31,26799000.0,-4324000.0,3572000.0,-4380000.0,-5112000.0,2657000.0,12000.0,175296000.0,113035000.0,3728000.0,43887000.0,20942000.0,21049000.0,-4191000.0,-3991000.0,200000.0,-4429000.0
AMSC,2021-09-30,27908000.0,-4434000.0,3261000.0,-4302000.0,-5369000.0,2669000.0,25000.0,184373000.0,116104000.0,3914000.0,48501000.0,21574000.0,25177000.0,-5905000.0,-5619000.0,286000.0,-920000.0
AMSC,2021-06-30,25420000.0,-5403000.0,3369000.0,-7499000.0,-6131000.0,3041000.0,32000.0,192167000.0,118553000.0,4105000.0,50070000.0,22155000.0,23908000.0,-5829000.0,-5605000.0,224000.0,-64104000.0
AMSC,2021-03-31,21164000.0,-7616000.0,2937000.0,-7484000.0,-5623000.0,2767000.0,,168866000.0,116592000.0,3858000.0,67814000.0,13306000.0,13267000.0,-3810000.0,-3620000.0,190000.0,-64104000.0
AMSC,2020-12-31,23632000.0,-7933000.0,3956000.0,-9258000.0,-4716000.0,3029000.0,53000.0,175047000.0,122918000.0,3910000.0,67909000.0,14176000.0,12083000.0,1682000.0,1930000.0,248000.0,26586000.0
AMSC,2020-09-30,21117000.0,-3712000.0,5521000.0,-3206000.0,-2197000.0,2719000.0,161000.0,111227000.0,66420000.0,3998000.0,41246000.0,14155000.0,16810000.0,-3438000.0,-2749000.0,689000.0,20619000.0
AMZN,2025-06-30,167702000000.0,18164000000.0,60917000000.0,19171000000.0,21373000000.0,27166000000.0,516000000.0,682170000000.0,333775000000.0,133939000000.0,57741000000.0,40825000000.0,57415000000.0,32515000000.0,64698000000.0,32183000000.0,
AMZN,2025-03-31,155667000000.0,17127000000.0,78691000000.0,18405000000.0,36482000000.0,22994000000.0,541000000.0,643256000000.0,305867000000.0,133245000000.0,66207000000.0,35864000000.0,54216000000.0,17015000000.0,42034000000.0,25019000000.0,
AMZN,2024-12-31,187792000000.0,20004000000.0,88899000000.0,21203000000.0,38550000000.0,23571000000.0,570000000.0,624894000000.0,285970000000.0,130900000000.0,78779000000.0,34214000000.0,55451000000.0,45636000000.0,73470000000.0,27834000000.0,
AMZN,2024-09-30,158877000000.0,15328000000.0,77900000000.0,17411000000.0,32082000000.0,22245000000.0,603000000.0,584626000000.0,259151000000.0,134692000000.0,75091000000.0,36103000000.0,51638000000.0,25971000000.0,48591000000.0,22620000000.0,
AMZN,2024-06-30,147977000000.0,13485000000.0,74192000000.0,14769000000.0,26807000000.0,22304000000.0,589000000.0,554818000000.0,236447000000.0,132973000000.0,71178000000.0,34109000000.0,50106000000.0,25281000000.0,42901000000.0,17620000000.0,
AMZN,2024-03-31,143313000000.0,10431000000.0,70680000000.0,15307000000.0,26991000000.0,16960000000.0,644000000.0,530969000000.0,216661000000.0,134686000000.0,72852000000.0,31147000000.0,47768000000.0,18989000000.0,33914000000.0,14925000000.0,
AMZN,2023-12-31,169961000000.0,10624000000.0,77408000000.0,13209000000.0,27029000000.0,22038000000.0,713000000.0,527854000000.0,201875000000.0,135611000000.0,73387000000.0,33318000000.0,52253000000.0,42465000000.0,57053000000.0,14588000000.0,
AMZN,2023-09-30,143083000000.0,9879000000.0,68061000000.0,11188000000.0,23319000000.0,21203000000.0,806000000.0,486883000000.0,182973000000.0,136989000000.0,49605000000.0,35406000000.0,43420000000.0,21217000000.0,33696000000.0,12479000000.0,
AMZN,2023-06-30,134383000000.0,6750000000.0,65010000000.0,7681000000.0,19270000000.0,18829000000.0,840000000.0,477607000000.0,168602000000.0,138914000000.0,49529000000.0,36587000000.0,39925000000.0,16476000000.0,27931000000.0,11455000000.0,264000000.0
AMZN,2023-03-31,127358000000.0,3172000000.0,59567000000.0,4774000000.0,15897000000.0,17420000000.0,823000000.0,464378000000.0,154526000000.0,141351000000.0,49343000000.0,34170000000.0,37646000000.0,4788000000.0,18995000000.0,14207000000.0,-4664000000.0
AMZN,2022-12-31,149204000000.0,278000000.0,63564000000.0,2547000000.0,15232000000.0,3653000000.0,694000000.0,462675000000.0,146043000000.0,140118000000.0,53888000000.0,34405000000.0,42360000000.0,29173000000.0,45765000000.0,16592000000.0,18438000000.0
AMZN,2022-09-30,127101000000.0,2872000000.0,56833000000.0,2525000000.0,12729000000.0,16787000000.0,617000000.0,428362000000.0,137489000000.0,128251000000.0,34947000000.0,36647000000.0,36154000000.0,11404000000.0,27782000000.0,16378000000.0,-1188000000.0
AMZN,2022-06-30,121234000000.0,-2028000000.0,54810000000.0,3317000000.0,13033000000.0,15468000000.0,584000000.0,419728000000.0,131402000000.0,124577000000.0,37478000000.0,38153000000.0,34804000000.0,8965000000.0,24689000000.0,15724000000.0,1513000000.0
AMZN,2022-03-31,116444000000.0,-3844000000.0,49945000000.0,3669000000.0,12862000000.0,12270000000.0,472000000.0,410767000000.0,134001000000.0,113287000000.0,36393000000.0,34987000000.0,32504000000.0,-2790000000.0,12161000000.0,14951000000.0,106000000.0
AMZN,2021-12-31,137412000000.0,14323000000.0,54577000000.0,3460000000.0,13262000000.0,2001000000.0,482000000.0,420549000000.0,138245000000.0,116395000000.0,36220000000.0,32640000000.0,32891000000.0,22086000000.0,41021000000.0,18935000000.0,6300000000.0
AMZN,2021-09-30,110812000000.0,3156000000.0,47882000000.0,4852000000.0,13800000000.0,12097000000.0,493000000.0,382406000000.0,120564000000.0,113903000000.0,29944000000.0,30933000000.0,28610000000.0,7313000000.0,23061000000.0,15748000000.0,-10490000000.0
AMZN,2021-06-30,113080000000.0,7778000000.0,48904000000.0,7702000000.0,15740000000.0,11794000000.0,435000000.0,360319000000.0,114803000000.0,106576000000.0,40380000000.0,24119000000.0,26835000000.0,12715000000.0,27003000000.0,14288000000.0,6512000000.0
AMZN,2021-03-31,108518000000.0,8107000000.0,46115000000.0,8865000000.0,16373000000.0,10584000000.0,399000000.0,323077000000.0,103320000000.0,84935000000.0,33834000000.0,23849000000.0,24289000000.0,4213000000.0,16295000000.0,12082000000.0,-8222000000.0
AMZN,2020-12-31,125555000000.0,7222000000.0,46271000000.0,6873000000.0,14491000000.0,5242000000.0,414000000.0,321195000000.0,93404000000.0,84389000000.0,42122000000.0,23795000000.0,24542000000.0,30431000000.0,45254000000.0,14823000000.0,12175000000.0
AMZN,2020-09-30,96145000000.0,6331000000.0,39039000000.0,6194000000.0,12717000000.0,9334000000.0,428000000.0,282179000000.0,82775000000.0,81518000000.0,29930000000.0,23735000000.0,20832000000.0,11964000000.0,23027000000.0,11063000000.0,-7640000000.0
ANET,2025-03-31,2004800000.0,813800000.0,1276100000.0,858800000.0,872600000.0,266400000.0,,14514600000.0,10119100000.0,,1845100000.0,1957300000.0,1435900000.0,641700000.0,670100000.0,28400000.0,
ANET,2024-12-31,1930436000.0,800996000.0,1230994000.0,799652000.0,815040000.0,285016000.0,,14043921000.0,9994807000.0,59642000.0,2762357000.0,1834572000.0,1140478000.0,1030963000.0,1043415000.0,12452000.0,
ANET,2024-09-30,1810936000.0,747938000.0,1161717000.0,785250000.0,800788000.0,235824000.0,,12846723000.0,9245889000.0,69800000.0,3175139000.0,1769962000.0,1130897000.0,1174456000.0,1181481000.0,7025000.0,
ANET,2024-06-30,1690400000.0,665428000.0,1097213000.0,699573000.0,715085000.0,267482000.0,,11623235000.0,8430808000.0,107833000.0,2429031000.0,1853776000.0,1226795000.0,989016000.0,992171000.0,3155000.0,
ANET,2024-03-31,1571400000.0,637700000.0,1001400000.0,660200000.0,675800000.0,208400000.0,,10550179000.0,7862315000.0,42200000.0,2092101000.0,2025204000.0,1090041000.0,513800000.0,523200000.0,9400000.0,
ANET,2023-12-31,1540437000.0,613636000.0,999226000.0,639914000.0,654311000.0,211481000.0,12146000.0,9946806000.0,7219059000.0,65519000.0,1938606000.0,1945180000.0,1024569000.0,526464000.0,532474000.0,6010000.0,
ANET,2023-09-30,1509456000.0,545327000.0,942419000.0,602695000.0,619701000.0,212353000.0,,9069035000.0,6505555000.0,48044000.0,1748818000.0,1893538000.0,833374000.0,698977000.0,710189000.0,11212000.0,
ANET,2023-06-30,1458924000.0,491885000.0,884129000.0,530062000.0,548384000.0,229676000.0,,8186041000.0,5857582000.0,51702000.0,1261836000.0,1864334000.0,779726000.0,434090000.0,445671000.0,11581000.0,301952000.0
ANET,2023-03-31,1351351000.0,436473000.0,804507000.0,484578000.0,505483000.0,201408000.0,12146000.0,7543066000.0,5329174000.0,55291000.0,956341000.0,1682703000.0,862875000.0,374483000.0,380114000.0,5631000.0,284333000.0
ANET,2022-12-31,1275552000.0,427089000.0,768606000.0,468919000.0,486450000.0,190423000.0,13784000.0,6775410000.0,4885820000.0,43964000.0,671707000.0,1289706000.0,923096000.0,40473000.0,50933000.0,10460000.0,-47014000.0
ANET,2022-09-30,1176801000.0,353999000.0,709980000.0,417347000.0,434504000.0,187807000.0,6929000.0,6162010000.0,4385218000.0,47067000.0,716253000.0,1100550000.0,651512000.0,134105000.0,144545000.0,10440000.0,226058000.0
ANET,2022-06-30,1051891000.0,299099000.0,643265000.0,362853000.0,377774000.0,178158000.0,4427000.0,5824545000.0,4005792000.0,51793000.0,493246000.0,852810000.0,585786000.0,101097000.0,109965000.0,8868000.0,-139219000.0
ANET,2022-03-31,877066000.0,272259000.0,553845000.0,277987000.0,291078000.0,172006000.0,2428000.0,6108186000.0,4153177000.0,57474000.0,635025000.0,694217000.0,648606000.0,217138000.0,232014000.0,14876000.0,14714000.0
ANET,2021-12-31,824459000.0,239295000.0,522714000.0,265788000.0,278258000.0,157879000.0,1662000.0,5734429000.0,3978600000.0,56527000.0,620813000.0,650117000.0,516509000.0,225236000.0,234517000.0,9281000.0,-9865000.0
ANET,2021-09-30,748697000.0,224305000.0,478615000.0,233294000.0,245923000.0,153093000.0,1636000.0,5437350000.0,3865260000.0,61628000.0,630982000.0,575665000.0,395590000.0,272579000.0,318467000.0,45888000.0,-261858000.0
ANET,2021-06-30,707319000.0,196888000.0,454178000.0,219365000.0,231942000.0,143293000.0,1872000.0,5208280000.0,3697841000.0,64295000.0,893688000.0,543199000.0,364214000.0,263366000.0,267837000.0,4471000.0,50179000.0
ANET,2021-03-31,667562000.0,180366000.0,425272000.0,206292000.0,218950000.0,132487000.0,2045000.0,4893730000.0,3451338000.0,67770000.0,843336000.0,483168000.0,380466000.0,254675000.0,259771000.0,5096000.0,-49044000.0
ANET,2020-12-31,648482000.0,182958000.0,414584000.0,194638000.0,246432000.0,133847000.0,2490000.0,4738919000.0,3320291000.0,72397000.0,893219000.0,479668000.0,389540000.0,186924000.0,194607000.0,7683000.0,-79340000.0
ANET,2020-09-30,605431000.0,168375000.0,384962000.0,188395000.0,199200000.0,128049000.0,4319000.0,4399372000.0,3083877000.0,74903000.0,970349000.0,438102000.0,300217000.0,215127000.0,217650000.0,2523000.0,168676000.0
ANET,2020-06-30,540570000.0,144793000.0,344089000.0,166989000.0,177951000.0,111544000.0,8668000.0,4335851000.0,3036483000.0,74259000.0,800182000.0,326997000.0,383225000.0,138216000.0,140287000.0,2071000.0,37821000.0
APH,2025-06-30,5650300000.0,1091300000.0,2053300000.0,1418800000.0,-63500000.0,,233900000.0,25668400000.0,11519300000.0,8062400000.0,3207000000.0,3137100000.0,4270899999.0,1416800000.0,1713900000.0,297100000.0,
APH,2025-03-31,4811000000.0,737800000.0,1644000000.0,1024800000.0,1275700000.0,,76500000.0,22902100000.0,10301200000.0,7166900000.0,1657200000.0,2906400000.0,3920300000.0,764900000.0,953500000.0,188600000.0,
APH,2024-12-31,4317800000.0,746200000.0,1480700000.0,953700000.0,1109600000.0,,66900000.0,21440200000.0,9792000000.0,6886100000.0,3317000000.0,2545700000.0,3287900000.0,847100000.0,1046900000.0,199800000.0,
APH,2024-09-30,4038800000.0,604400000.0,1356900000.0,819500000.0,1031900000.0,,55700000.0,19585600000.0,9452500000.0,5484100000.0,1563000000.0,2578800000.0,3130300000.0,704000000.0,934000000.0,230000000.0,
APH,2024-06-30,3609700000.0,524800000.0,1213100000.0,768800000.0,843700000.0,,56300000.0,18586800000.0,8980100000.0,5439400000.0,1252500000.0,2398800000.0,2855500000.0,667000000.0,808300000.0,141300000.0,
APH,2024-03-31,3256300000.0,548700000.0,1089000000.0,684800000.0,804600000.0,,38100000.0,16722500000.0,8681500000.0,4309400000.0,1857100000.0,2152900000.0,2501400000.0,596600000.0,690900000.0,94300000.0,
APH,2023-12-31,3327500000.0,514400000.0,1100400000.0,690000000.0,815500000.0,342200000.0,35000000.0,16526400000.0,8346500000.0,4337300000.0,1475000000.0,2167100000.0,2618400000.0,841800000.0,946800000.0,105000000.0,
APH,2023-09-30,3199200000.0,513900000.0,1048500000.0,657900000.0,768100000.0,,33600000.0,15759000000.0,7856800000.0,4292000000.0,1481500000.0,2099100000.0,2571200000.0,618000000.0,692700000.0,74700000.0,
APH,2023-06-30,3053900000.0,460500000.0,991700000.0,619900000.0,725000000.0,,35000000.0,15237900000.0,7513700000.0,4319200000.0,1325100000.0,1997800000.0,2443500000.0,536400000.0,631800000.0,95400000.0,-20700000.0
APH,2023-03-31,2974000000.0,439200000.0,943400000.0,591700000.0,692100000.0,,35900000.0,15381500000.0,7308100000.0,4563900000.0,1391100000.0,2105100000.0,2411900000.0,532400000.0,630100000.0,97700000.0,10400000.0
APH,2022-12-31,3239200000.0,507500000.0,1037500000.0,666200000.0,777900000.0,323600000.0,37100000.0,15326200000.0,7015600000.0,4577700000.0,1373100000.0,2093600000.0,2631300000.0,705300000.0,798900000.0,93600000.0,129900000.0
APH,2022-09-30,3295200000.0,496600000.0,1060000000.0,681100000.0,786400000.0,,32800000.0,15097900000.0,6570900000.0,4753200000.0,1189000000.0,2080100000.0,2640100000.0,576000000.0,697000000.0,121000000.0,40000000.0
APH,2022-06-30,3136800000.0,472500000.0,1004200000.0,648800000.0,741900000.0,,30500000.0,14986100000.0,6464300000.0,4862300000.0,1215200000.0,2043700000.0,2571600000.0,542500000.0,633600000.0,91100000.0,21400000.0
APH,2022-03-31,2951900000.0,425700000.0,926600000.0,589800000.0,682600000.0,,28100000.0,14873600000.0,6426100000.0,4932500000.0,1247500000.0,1989700000.0,2422100000.0,350800000.0,428900000.0,78100000.0,55500000.0
APH,2021-12-31,3026800000.0,465000000.0,941200000.0,592900000.0,713900000.0,317700000.0,28800000.0,14678400000.0,6302000000.0,4799900000.0,1197100000.0,1894100000.0,2454800000.0,470600000.0,556800000.0,86200000.0,-185700000.0
APH,2021-09-30,2818500000.0,426500000.0,889900000.0,571200000.0,666400000.0,,29000000.0,14926100000.0,5945900000.0,5248700000.0,1268100000.0,1952500000.0,2204500000.0,360800000.0,451700000.0,90900000.0,89100000.0
APH,2021-06-30,2653900000.0,369800000.0,843200000.0,476200000.0,634200000.0,,29100000.0,14559100000.0,5715500000.0,5236300000.0,1209400000.0,1771400000.0,2072800000.0,387700000.0,492600000.0,104900000.0,-1040000000.0
APH,2021-03-31,2377100000.0,329600000.0,727500000.0,464800000.0,541200000.0,,28600000.0,13133500000.0,5461000000.0,4636700000.0,2327600000.0,1565100000.0,1931800000.0,321000000.0,399400000.0,78400000.0,644000000.0
APH,2020-12-31,2426000000.0,357000000.0,765600000.0,488400000.0,578600000.0,260700000.0,28300000.0,12327300000.0,5384900000.0,3866500000.0,1702000000.0,1462200000.0,1951600000.0,441000000.0,513000000.0,72000000.0,237600000.0
APH,2020-09-30,2323400000.0,346600000.0,734900000.0,475800000.0,551200000.0,,28000000.0,11753900000.0,5040200000.0,3815200000.0,1420500000.0,1391000000.0,1880300000.0,398600000.0,475100000.0,76500000.0,95000000.0
ATAT,2025-03-31,1905814000.0,242703000.0,832243000.0,355281000.0,378303000.0,39381000.0,614000.0,7916650000.0,3292573000.0,1759274000.0,3146013000.0,157730000.0,351733000.0,1968000.0,21343000.0,19375000.0,
ATAT,2024-12-31,2084010000.0,330149000.0,904395000.0,413904000.0,449589000.0,46644000.0,727000.0,7878814000.0,2956230000.0,1732813000.0,3618451000.0,167436000.0,332167000.0,573148000.0,573507000.0,359000.0,
ATAT,2024-09-30,1898582000.0,384389000.0,795358000.0,492358000.0,524838000.0,30240000.0,856000.0,7209326000.0,2601359000.0,1734300000.0,2741003000.0,139246000.0,297013000.0,432923000.0,456051000.0,23128000.0,
ATAT,2024-06-30,1797047000.0,303652000.0,756291000.0,391383000.0,414639000.0,32952000.0,854000.0,7285080000.0,2669036000.0,1825396000.0,3322879000.0,160889000.0,165286000.0,576641000.0,596777000.0,20136000.0,
ATAT,2024-03-31,1468293000.0,257158000.0,590195000.0,324657000.0,341806000.0,24181000.0,673000.0,6760544000.0,2335877000.0,1933081000.0,3048408000.0,105711000.0,299638000.0,143236000.0,155851000.0,12615000.0,
ATAT,2023-12-31,1505218000.0,220054000.0,1022624000.0,214177000.0,232309000.0,22300000.0,679000.0,6587025000.0,2068068000.0,1950899000.0,2840807000.0,119078000.0,167285000.0,564038000.0,573865000.0,9827000.0,
ATAT,2023-09-30,1294104000.0,261018000.0,546885000.0,341338000.0,362751000.0,20367000.0,723000.0,5973692000.0,1803449000.0,1987462000.0,2197677000.0,113660000.0,143446000.0,543072000.0,547559000.0,4487000.0,
ATAT,2023-06-30,1092709000.0,238190000.0,462375000.0,306642000.0,328931000.0,17831000.0,1676000.0,5516819000.0,1626912000.0,2047839000.0,2528662000.0,85141000.0,124641000.0,519908000.0,529699000.0,9791000.0,
ATAT,2023-03-31,626173000.0,-82603000.0,202109000.0,-78379000.0,-52355000.0,15966000.0,1646000.0,4762026000.0,1197305000.0,2298958000.0,1589161000.0,57460000.0,141440000.0,-35018000.0,-20725000.0,14293000.0,
ATAT,2022-12-31,773936000.0,17875000.0,320650000.0,61877000.0,83774000.0,16790000.0,1927000.0,5199436000.0,1353652000.0,2276706000.0,1974927000.0,65079000.0,123692000.0,361657000.0,379276000.0,17619000.0,
ATAT,2022-09-30,670113000.0,111330000.0,236060000.0,148434000.0,169288000.0,16446000.0,1534000.0,4762026000.0,1197305000.0,,1589161000.0,63450000.0,141440000.0,179713000.0,186954000.0,7241000.0,
ATAT,2022-06-30,514583000.0,61223000.0,147794000.0,81885000.0,101903000.0,15962000.0,1831000.0,4485921000.0,653149000.0,2485556000.0,1262227000.0,40209000.0,313262000.0,214184000.0,222595000.0,8411000.0,
ATAT,2022-03-31,452114000.0,7824000.0,97023000.0,13020000.0,31781000.0,17808000.0,1490000.0,,564615000.0,,-1041487000.0,,,-75202000.0,-65917000.0,9285000.0,
ATAT,2021-12-31,578618000.0,35555500.0,78379000.0,47573500.0,71286000.0,16749000.0,,2245147000.0,579426000.0,109438000.0,1038583000.0,70822000.0,107132000.0,134845500.0,143734500.0,8889000.0,
ATAT,2021-09-30,578618000.0,35555500.0,199744000.0,46927500.0,70640000.0,16749000.0,,2245147000.0,579426000.0,109438000.0,1038583000.0,70822000.0,107132000.0,134845500.0,143734500.0,8889000.0,
ATAT,2021-06-30,570483000.0,46587000.0,178035000.0,82280000.0,104872000.0,10156000.0,1816000.0,2158555000.0,512307000.0,248145000.0,939900000.0,42714000.0,265918000.0,142595000.0,158934000.0,16339000.0,
ATAT,2021-03-31,419858000.0,12241000.0,87233000.0,19275000.0,40275750.0,8467000.0,1565000.0,2107310000.0,-307370000.0,208441000.0,884941000.0,36883000.0,297171000.0,5593000.0,36935000.0,31342000.0,
ATAT,2020-12-31,513277500.0,56842500.0,182507000.0,88418500.0,110529500.0,8750000.0,,1985716000.0,575224000.0,121434000.0,824546000.0,54192000.0,143580000.0,148213500.0,170507500.0,22294000.0,
ATAT,2020-09-30,513277500.0,56842500.0,182507000.0,85533500.0,107644500.0,8750000.0,,1985716000.0,575224000.0,121434000.0,824546000.0,54192000.0,143580000.0,148213500.0,170507500.0,22294000.0,
ATAT,2020-06-30,337847000.0,-24659000.0,54479000.0,-27461000.0,-7570500.0,8027000.0,571000.0,,,,,,,52301000.0,89084000.0,36783000.0,
ATI,2025-06-30,1140400000.0,100700000.0,242500000.0,161000000.0,161000000.0,,25400000.0,5021000000.0,1743400000.0,1890000000.0,319600000.0,1412600000.0,787900000.0,161500000.0,233600000.0,72100000.0,
ATI,2025-03-31,1144400000.0,97000000.0,235800000.0,146900000.0,146900000.0,,23000000.0,5184000000.0,1872800000.0,1893200000.0,475800000.0,1396900000.0,912900000.0,-92500000.0,-39200000.0,53300000.0,
ATI,2024-12-31,1172700000.0,137100000.0,248600000.0,208900000.0,239300000.0,,25200000.0,5230600000.0,1850400000.0,1895300000.0,721200000.0,1353000000.0,784800000.0,380900000.0,428200000.0,47300000.0,
ATI,2024-09-30,1051200000.0,82700000.0,224800000.0,142200000.0,181400000.0,,28000000.0,5065800000.0,1791400000.0,1883400000.0,406600000.0,1414500000.0,820700000.0,24000000.0,89800000.0,65800000.0,
ATI,2024-06-30,1095300000.0,81900000.0,227400000.0,142600000.0,177200000.0,,28400000.0,4921400000.0,1355200000.0,2170800000.0,425600000.0,1317500000.0,807400000.0,101100000.0,161300000.0,60200000.0,
ATI,2024-03-31,1042900000.0,66100000.0,197400000.0,115200000.0,147700000.0,,26600000.0,4782100000.0,1263600000.0,2173500000.0,394400000.0,1284900000.0,785800000.0,-98800000.0,-33000000.0,65800000.0,
ATI,2023-12-31,1922300000.0,145700000.0,205700000.0,108300000.0,75800000.0,22100000.0,28200000.0,4985100000.0,1373000000.0,2179600000.0,743900000.0,1247500000.0,684100000.0,417200000.0,470600000.0,53400000.0,
ATI,2023-09-30,1856600000.0,75700000.0,194600000.0,125200000.0,143500000.0,,23800000.0,4731100000.0,1238900000.0,2185200000.0,432900000.0,1353900000.0,739600000.0,-114200000.0,-70200000.0,44000000.0,
ATI,2023-06-30,1046000000.0,90400000.0,209100000.0,120300000.0,140400000.0,,21300000.0,4434700000.0,1194000000.0,1773800000.0,267100000.0,1380400000.0,761900000.0,68100000.0,111000000.0,42900000.0,70900000.0
ATI,2023-03-31,1038100000.0,84500000.0,193200000.0,112600000.0,145900000.0,,19900000.0,4287300000.0,1096500000.0,1727000000.0,196200000.0,1293800000.0,778300000.0,-285200000.0,-224800000.0,60400000.0,-387800000.0
ATI,2022-12-31,1010400000.0,269500000.0,185700000.0,137500000.0,282500000.0,17700000.0,19600000.0,4445600000.0,1045900000.0,1748000000.0,584000000.0,1195700000.0,643300000.0,324300000.0,354700000.0,30400000.0,254900000.0
ATI,2022-09-30,1032000000.0,61100000.0,183800000.0,50000000.0,139700000.0,,20800000.0,4287800000.0,813500000.0,1729300000.0,329100000.0,1216900000.0,748300000.0,123000000.0,168700000.0,45700000.0,55100000.0
ATI,2022-06-30,959500000.0,-38000000.0,175300000.0,-11600000.0,28400000.0,,23400000.0,4229400000.0,762900000.0,1735900000.0,274000000.0,1270900000.0,681400000.0,-5200000.0,23600000.0,28800000.0,-42700000.0
ATI,2022-03-31,834100000.0,30900000.0,169400000.0,77000000.0,123900000.0,,23600000.0,4236100000.0,658700000.0,1824100000.0,316700000.0,1189000000.0,608800000.0,-217200000.0,-191200000.0,26000000.0,-371000000.0
ATI,2021-12-31,765400000.0,-29800000.0,122200000.0,67200000.0,31300000.0,20000000.0,24700000.0,4285200000.0,685600000.0,1842900000.0,687700000.0,1046300000.0,523900000.0,260900000.0,309300000.0,48400000.0,-319100000.0
ATI,2021-09-30,725700000.0,48700000.0,82500000.0,29900000.0,121100000.0,,25100000.0,4626500000.0,541400000.0,2290500000.0,1006800000.0,1055800000.0,557700000.0,-142200000.0,-99400000.0,42800000.0,534300000.0
ATI,2021-06-30,616200000.0,-49200000.0,42700000.0,-11300000.0,19400000.0,,23700000.0,3974000000.0,473000000.0,1621500000.0,472500000.0,1059000000.0,414500000.0,-34500000.0,500000.0,35000000.0,-69200000.0
ATI,2021-03-31,692500000.0,-7900000.0,85800000.0,31800000.0,61100000.0,,23400000.0,4068500000.0,482900000.0,1614100000.0,541700000.0,1047800000.0,465900000.0,-68100000.0,-41700000.0,26400000.0,-104200000.0
ATI,2020-12-31,658300000.0,-1121000000.0,45200000.0,-1088100000.0,-1082800000.0,14800000.0,25700000.0,4034900000.0,521100000.0,1567800000.0,645900000.0,997100000.0,384700000.0,121900000.0,163800000.0,41900000.0,73700000.0
ATI,2020-09-30,598000000.0,-50100000.0,38100000.0,-9600000.0,14100000.0,,25100000.0,5063900000.0,1733700000.0,1541200000.0,572200000.0,1035900000.0,429700000.0,59400000.0,88000000.0,28600000.0,33100000.0
BK,2025-06-30,10358000000.0,1423000000.0,,1770000000.0,1770000000.0,,,485781000000.0,43950000000.0,51282000000.0,141301000000.0,,1348000000.0,,,,
BK,2025-03-31,4774000000.0,1220000000.0,4781000000.0,1485000000.0,1968000000.0,,4964000000.0,440691000000.0,43119000000.0,48406000000.0,116545000000.0,,7271000000.0,412000000.0,732000000.0,320000000.0,
BK,2024-12-31,4827000000.0,1155000000.0,4827000000.0,1343000000.0,1900000000.0,,5273000000.0,416064000000.0,41318000000.0,45444000000.0,101937000000.0,,7082000000.0,1550000000.0,1963000000.0,413000000.0,
BK,2024-09-30,10162000000.0,1182000000.0,4625000000.0,1465000000.0,1976000000.0,,5604000000.0,427461000000.0,41992000000.0,48475000000.0,116210000000.0,-33680000000.0,7420000000.0,-312000000.0,63000000.0,375000000.0,
BK,2024-06-30,9871000000.0,1168000000.0,4597000000.0,1489000000.0,1983000000.0,,5362000000.0,428539000000.0,40843000000.0,47229000000.0,132938000000.0,20476000000.0,7431000000.0,2129000000.0,2511000000.0,382000000.0,
BK,2024-03-31,4500000000.0,1025000000.0,4402000000.0,1282000000.0,1792000000.0,,5056000000.0,434728000000.0,40569000000.0,47814000000.0,135138000000.0,-60412000000.0,6454000000.0,-2680000000.0,-2381000000.0,299000000.0,
BK,2023-12-31,4274000000.0,205000000.0,4274000000.0,-178000000.0,985000000.0,,4862000000.0,409877000000.0,40770000000.0,46243000000.0,125191000000.0,107887000000.0,8585000000.0,-2068000000.0,-1799000000.0,269000000.0,
BK,2023-09-30,4417000000.0,1040000000.0,4345000000.0,1310000000.0,1604000000.0,,4503000000.0,405248000000.0,40966000000.0,62873000000.0,125322000000.0,-172322000000.0,1141000000.0,5040000000.0,5376000000.0,336000000.0,
BK,2023-06-30,4499000000.0,1072000000.0,4424000000.0,1347000000.0,1787000000.0,,4124000000.0,430382000000.0,40933000000.0,77574000000.0,136944000000.0,-192286000000.0,963000000.0,1148000000.0,1502000000.0,354000000.0,-581000000.0
BK,2023-03-31,4388000000.0,982000000.0,4335000000.0,1254000000.0,1587000000.0,,2814000000.0,425112000000.0,40634000000.0,84703000000.0,137720000000.0,-184197000000.0,978000000.0,1792000000.0,2053000000.0,261000000.0,-1547000000.0
BK,2022-12-31,3898000000.0,543000000.0,3898000000.0,648000000.0,3207000000.0,,2141000000.0,405783000000.0,40734000000.0,72524000000.0,113854000000.0,-150930000000.0,858000000.0,2924000000.0,3281000000.0,357000000.0,
BK,2022-09-30,4279000000.0,388000000.0,4309000000.0,1694000000.0,1026000000.0,,1058000000.0,427953000000.0,39737000000.0,63614000000.0,126024000000.0,-165066000000.0,723000000.0,3725000000.0,3843000000.0,118000000.0,9000000.0
BK,2022-06-30,4207000000.0,869000000.0,4207000000.0,1069000000.0,1517000000.0,,335000000.0,452621000000.0,40984000000.0,71448000000.0,142755000000.0,-189053000000.0,6025000000.0,4990000000.0,5590000000.0,600000000.0,-242000000.0
BK,2022-03-31,3924000000.0,773000000.0,3924000000.0,891000000.0,1355000000.0,,80000000.0,473811000000.0,41799000000.0,71246000000.0,160102000000.0,-210290000000.0,5896000000.0,3429000000.0,3700000000.0,271000000.0,-377000000.0
BK,2021-12-31,4032000000.0,863000000.0,4032000000.0,-310000000.0,1522000000.0,,52000000.0,444438000000.0,43034000000.0,72060000000.0,121336000000.0,-179424000000.0,5903000000.0,3129000000.0,3503000000.0,374000000.0,-1067000000.0
BK,2021-09-30,4080000000.0,947000000.0,4080000000.0,-144000000.0,1630000000.0,,52000000.0,470533000000.0,43601000000.0,31769000000.0,153768000000.0,-384729000000.0,6033000000.0,54000000.0,430000000.0,376000000.0,1522000000.0
BK,2021-06-30,4046000000.0,1022000000.0,4046000000.0,-107000000.0,1740000000.0,,40000000.0,466963000000.0,45281000000.0,33032000000.0,152779000000.0,-387702000000.0,6844000000.0,2829000000.0,3074000000.0,245000000.0,109000000.0
BK,2021-03-31,4004000000.0,927000000.0,4004000000.0,-208000000.0,1619000000.0,,83000000.0,464984000000.0,44954000000.0,30685000000.0,155278000000.0,2000000.0,6640000000.0,-3174000000.0,-2954000000.0,220000000.0,-16000000.0
BK,2020-12-31,3768000000.0,750000000.0,3768000000.0,1335000000.0,1358000000.0,,96000000.0,469633000000.0,45801000000.0,32715000000.0,165327000000.0,1000000.0,510000000.0,-865000000.0,-599000000.0,266000000.0,2353000000.0
BK,2020-09-30,3762000000.0,937000000.0,3732000000.0,1524000000.0,1588000000.0,,117000000.0,428398000000.0,44917000000.0,33296000000.0,129316000000.0,1000000.0,5445000000.0,778000000.0,1111000000.0,333000000.0,-31000000.0
BRK-B,2025-03-31,89725000000.0,4603000000.0,67576000000.0,6405000000.0,9670000000.0,,1257000000.0,1164532000000.0,654471000000.0,125927000000.0,42180000000.0,24034000000.0,79823000000.0,10903000000.0,15184000000.0,4281000000.0,
BRK-B,2024-12-31,94916000000.0,19694000000.0,86966000000.0,25465000000.0,28748000000.0,,1440000000.0,1153881000000.0,649368000000.0,143527000000.0,47729000000.0,24008000000.0,76188000000.0,4621000000.0,9968000000.0,5347000000.0,
BRK-B,2024-09-30,92995000000.0,26251000000.0,8540000000.0,-42360000000.0,36928000000.0,,1214000000.0,1147251000000.0,629069000000.0,124507000000.0,37181000000.0,23617000000.0,79152000000.0,1803000000.0,6504000000.0,4701000000.0,
BRK-B,2024-06-30,93653000000.0,30348000000.0,102449000000.0,37885000000.0,42565000000.0,,1230000000.0,1108860000000.0,601697000000.0,123628000000.0,42324000000.0,23498000000.0,78554000000.0,13602000000.0,18137000000.0,4535000000.0,
BRK-B,2024-03-31,89869000000.0,12702000000.0,77352000000.0,15213000000.0,20190000000.0,,1316000000.0,1070035000000.0,571490000000.0,122754000000.0,35549000000.0,23670000000.0,78270000000.0,10566000000.0,14959000000.0,4393000000.0,
BRK-B,2023-12-31,93376000000.0,37574000000.0,48115000000.0,46426000000.0,51343000000.0,,1276000000.0,1069978000000.0,561273000000.0,128271000000.0,38022000000.0,24159000000.0,44200000000.0,14400000000.0,20108000000.0,5708000000.0,
BRK-B,2023-09-30,63432000000.0,-12767000000.0,32383000000.0,12557000000.0,12557000000.0,,1260000000.0,1019933000000.0,525330000000.0,124781000000.0,30840000000.0,24755000000.0,76735000000.0,13669000000.0,18972000000.0,5303000000.0,
BRK-B,2023-06-30,125564000000.0,35912000000.0,125564000000.0,45435000000.0,-18362000000.0,,1249000000.0,1041573000000.0,539883000000.0,126170000000.0,50055000000.0,25295000000.0,51657000000.0,12434000000.0,17119000000.0,4685000000.0,
BRK-B,2023-03-31,120151000000.0,35504000000.0,120151000000.0,44752000000.0,48768000000.0,,1218000000.0,997072000000.0,504554000000.0,123624000000.0,26747000000.0,25499000000.0,75632000000.0,8693000000.0,12406000000.0,3713000000.0,-9148000000.0
BRK-B,2022-12-31,160527000000.0,18164000000.0,36208000000.0,90110000000.0,25951000000.0,,1139000000.0,948452000000.0,473424000000.0,127683000000.0,35811000000.0,25366000000.0,71509000000.0,10201000000.0,14758000000.0,4557000000.0,
BRK-B,2022-09-30,76934000000.0,-2688000000.0,76934000000.0,9348000000.0,-397000000.0,,1092000000.0,902296000000.0,463747000000.0,116496000000.0,32626000000.0,25102000000.0,45368000000.0,11662000000.0,15736000000.0,4074000000.0,2408000000.0
BRK-B,2022-06-30,76180000000.0,-43755000000.0,76180000000.0,11437000000.0,-52064000000.0,,1087000000.0,909860000000.0,461229000000.0,119081000000.0,30608000000.0,24560000000.0,66370000000.0,8532000000.0,12275000000.0,3743000000.0,-8111000000.0
BRK-B,2022-03-31,70810000000.0,5460000000.0,70810000000.0,8790000000.0,10424000000.0,,1034000000.0,969506000000.0,508141000000.0,140830000000.0,39113000000.0,22572000000.0,43055000000.0,6826000000.0,9916000000.0,3090000000.0,-49094000000.0
BRK-B,2021-12-31,33783000000.0,39646000000.0,33783000000.0,-29589000000.0,52396000000.0,,990000000.0,958784000000.0,506199000000.0,114262000000.0,88184000000.0,20954000000.0,39565000000.0,7795000000.0,11827000000.0,4032000000.0,17962000000.0
BRK-B,2021-09-30,75504000000.0,10344000000.0,75504000000.0,12484000000.0,15908000000.0,,1056000000.0,920758000000.0,472480000000.0,114965000000.0,69989000000.0,20191000000.0,41601000000.0,12067000000.0,15648000000.0,3581000000.0,27795000000.0
BRK-B,2021-06-30,96508000000.0,28094000000.0,96508000000.0,35721000000.0,39138000000.0,,1076000000.0,912493000000.0,470409000000.0,115223000000.0,42298000000.0,19393000000.0,60173000000.0,10253000000.0,13397000000.0,3144000000.0,-17605000000.0
BRK-B,2021-03-31,70299000000.0,11711000000.0,70299000000.0,14528000000.0,18122000000.0,,1050000000.0,884393000000.0,447987000000.0,114531000000.0,60054000000.0,18886000000.0,39052000000.0,9306000000.0,11825000000.0,2519000000.0,12153000000.0
BRK-B,2020-12-31,62989000000.0,35835000000.0,62989000000.0,4657000000.0,49069000000.0,,1057000000.0,161705000000.0,443164000000.0,116895000000.0,47990000000.0,19208000000.0,35852000000.0,10546000000.0,14042000000.0,3496000000.0,
BRK-B,2020-09-30,94606000000.0,30137000000.0,94606000000.0,37930000000.0,41237000000.0,,1000000000.0,829946000000.0,415155000000.0,107691000000.0,26817000000.0,19361000000.0,56399000000.0,11761000000.0,15090000000.0,3329000000.0,
BRK-B,2020-06-30,96925000000.0,26295000000.0,96925000000.0,35409000000.0,38823000000.0,,1002000000.0,788133000000.0,393495000000.0,106689000000.0,36074000000.0,19277000000.0,36766000000.0,10668000000.0,13887000000.0,3219000000.0,-6553000000.0
C,2025-06-30,42352000000.0,4019000000.0,18796000000.0,5219000000.0,5219000000.0,,20684000000.0,2622772000000.0,213222000000.0,721234000000.0,337473000000.0,,64029000000.0,,,,
C,2025-03-31,41255000000.0,4064000000.0,18893000000.0,5448000000.0,6498000000.0,,19654000000.0,2571514000000.0,212408000000.0,748782000000.0,308331000000.0,,57716000000.0,-58708000000.0,-57191000000.0,1517000000.0,
C,2024-12-31,40900000000.0,2856000000.0,17005000000.0,3802000000.0,4821000000.0,,21314000000.0,2352945000000.0,208598000000.0,590560000000.0,276532000000.0,,51116000000.0,24796000000.0,26484000000.0,1688000000.0,
C,2024-09-30,43359000000.0,3238000000.0,17668000000.0,4390000000.0,5471000000.0,,23094000000.0,2430663000000.0,209083000000.0,618798000000.0,303094000000.0,,63927000000.0,-16674000000.0,-15113000000.0,1561000000.0,
C,2024-06-30,42638000000.0,3217000000.0,17681000000.0,4310000000.0,5411000000.0,,22494000000.0,2405686000000.0,208310000000.0,624221000000.0,246134000000.0,-1162100000000.0,64831000000.0,-16960000000.0,-15316000000.0,1644000000.0,
C,2024-03-31,43722000000.0,3371000000.0,18678000000.0,4544000000.0,5654000000.0,,22716000000.0,2432510000000.0,206585000000.0,616792000000.0,272730000000.0,-1192528000000.0,61588000000.0,-10831000000.0,-9224000000.0,1607000000.0,
C,2023-12-31,41395000000.0,-1839000000.0,15317000000.0,-2103000000.0,-931000000.0,,22555000000.0,2411834000000.0,205453000000.0,602183000000.0,260932000000.0,-1148510000000.0,54190000000.0,-4666000000.0,-2901000000.0,1765000000.0,
C,2023-09-30,40748000000.0,3546000000.0,17921000000.0,4788000000.0,5929000000.0,,21009000000.0,2368477000000.0,209503000000.0,575696000000.0,253987000000.0,-1150046000000.0,66465000000.0,15794000000.0,17487000000.0,1693000000.0,
C,2023-06-30,38187000000.0,2915000000.0,17626000000.0,4042000000.0,5178000000.0,,18747000000.0,2423675000000.0,208719000000.0,574975000000.0,296908000000.0,-1198326000000.0,61123000000.0,-54059000000.0,-52568000000.0,1491000000.0,
C,2023-03-31,36452000000.0,4606000000.0,18437000000.0,6183000000.0,7294000000.0,,16047000000.0,2455113000000.0,208295000000.0,577552000000.0,328959000000.0,-1228019000000.0,55839000000.0,-30485000000.0,-28851000000.0,1634000000.0,-17792000000.0
C,2022-12-31,30439000000.0,2513000000.0,16181000000.0,3176000000.0,4284000000.0,,12438000000.0,2416676000000.0,201189000000.0,521146000000.0,342025000000.0,-1167269000000.0,54546000000.0,29239000000.0,31204000000.0,1965000000.0,
C,2022-09-30,25240000000.0,3479000000.0,16554000000.0,4394000000.0,5459000000.0,,7356000000.0,2381064000000.0,198560000000.0,496915000000.0,299607000000.0,-1086362000000.0,79696000000.0,-1988000000.0,-786000000.0,1202000000.0,16701000000.0
C,2022-06-30,23236000000.0,4547000000.0,18338000000.0,5971000000.0,7045000000.0,,3666000000.0,2380904000000.0,199014000000.0,477932000000.0,284030000000.0,-1066306000000.0,80486000000.0,23491000000.0,24727000000.0,1236000000.0,13588000000.0
C,2022-03-31,21468000000.0,4306000000.0,18458000000.0,5266000000.0,6281000000.0,,2280000000.0,2394105000000.0,197709000000.0,488592000000.0,272087000000.0,-1153956000000.0,89644000000.0,-9247000000.0,-8018000000.0,1229000000.0,10287000000.0
C,2021-12-31,18332000000.0,3173000000.0,17741000000.0,3950000000.0,4935000000.0,,1097000000.0,2291413000000.0,201972000000.0,473632000000.0,262033000000.0,-1029973000000.0,54795000000.0,2064000000.0,3372000000.0,1308000000.0,
C,2021-09-30,19416000000.0,4644000000.0,17661000000.0,5862000000.0,6897000000.0,,1959000000.0,2361876000000.0,200875000000.0,467243000000.0,323808000000.0,-1063463000000.0,59487000000.0,35622000000.0,36662000000.0,1040000000.0,
C,2021-06-30,19734000000.0,6193000000.0,18834000000.0,7348000000.0,8330000000.0,,1985000000.0,2327868000000.0,202159000000.0,470743000000.0,299238000000.0,-1039805000000.0,61138000000.0,365000000.0,1306000000.0,941000000.0,
C,2021-03-31,21706000000.0,7942000000.0,21774000000.0,10309000000.0,11271000000.0,,2028000000.0,2314266000000.0,202549000000.0,507590000000.0,324682000000.0,43000000.0,61060000000.0,23198000000.0,24028000000.0,830000000.0,
C,2020-12-31,19077000000.0,3979000000.0,16212000000.0,4998000000.0,6049000000.0,,2564000000.0,2260321000000.0,199765000000.0,469227000000.0,309615000000.0,43000000.0,44806000000.0,1633000000.0,2779000000.0,1146000000.0,
C,2020-09-30,20139000000.0,3146000000.0,14976000000.0,3954000000.0,4987000000.0,,2821000000.0,2234459000000.0,193876000000.0,517920000000.0,323695000000.0,42000000.0,52377000000.0,-3046000000.0,-2064000000.0,982000000.0,
CCJ,2025-06-30,877016000.0,320888000.0,257090000.0,165951000.0,,708000.0,22388000.0,9581556000.0,6741473000.0,,452444000.0,734162000.0,291100000.0,575391000.0,706772000.0,131381000.0,
CCJ,2025-03-31,789432000.0,69764000.0,270137000.0,185811000.0,209232000.0,13982000.0,25473000.0,9384262000.0,6491796000.0,995744000.0,361469000.0,953207000.0,185449000.0,110191000.0,166649000.0,56458000.0,
CCJ,2024-12-31,1183173000.0,135473000.0,354147000.0,181034000.0,283053000.0,10414000.0,25952000.0,9907007000.0,6364307000.0,1296012000.0,600462000.0,972253000.0,309570000.0,529713000.0,594116000.0,64403000.0,
CCJ,2024-09-30,720596000.0,7427000.0,170842000.0,100340000.0,146980000.0,8927000.0,30392000.0,9287408000.0,6209752000.0,1263518000.0,160544000.0,1008894000.0,312156000.0,52342000.0,112675000.0,60333000.0,
CCJ,2024-06-30,598458000.0,36010000.0,165916000.0,92332000.0,160891000.0,7879000.0,38675000.0,9382740000.0,6194491000.0,1413722000.0,361617000.0,838087000.0,215435000.0,260076000.0,306956000.0,46880000.0,
CCJ,2024-03-31,634000000.0,-7056000.0,187000000.0,187000000.0,125252000.0,9320000.0,33145000.0,9503034000.0,6111869000.0,1532082000.0,164799000.0,915140000.0,232238000.0,63157000.0,103176000.0,40019000.0,
CCJ,2023-12-31,843717000.0,80106000.0,69110000.0,6293000.0,112729000.0,3847000.0,34322000.0,9934057000.0,6094305000.0,1792690000.0,566809000.0,692261000.0,423307000.0,181744000.0,225338000.0,43594000.0,
CCJ,2023-09-30,575079000.0,148080000.0,151790000.0,135536000.0,263876000.0,7850000.0,19259000.0,8720210000.0,6110880000.0,997582000.0,2667715000.0,709135000.0,297683000.0,184787000.0,227929000.0,43142000.0,
CCJ,2023-06-30,481987000.0,13693000.0,109973000.0,35275000.0,97652000.0,5107000.0,18749000.0,8662771000.0,5974219000.0,997388000.0,2208977000.0,817725000.0,302485000.0,86914000.0,126900000.0,39986000.0,
CCJ,2023-03-31,686975000.0,118969000.0,167180000.0,174900000.0,251273000.0,4232000.0,19716000.0,8604011000.0,5956448000.0,997194000.0,1404965000.0,652530000.0,260623000.0,215156000.0,242065000.0,26909000.0,
CCJ,2022-12-31,523729000.0,-15423000.0,65386000.0,-24395000.0,27033000.0,2879000.0,18962000.0,8632793000.0,5836054000.0,999681000.0,904674000.0,822608000.0,217180000.0,77457000.0,111601000.0,34144000.0,
CCJ,2022-09-30,388659000.0,-19534000.0,25148000.0,-4197000.0,21585000.0,3130000.0,18662000.0,7468804000.0,4889442000.0,996812000.0,705643000.0,589441000.0,299672000.0,-46594000.0,-3361000.0,43233000.0,
CCJ,2022-06-30,557577000.0,83979000.0,92931000.0,83951000.0,188191000.0,3365000.0,16479000.0,7387729000.0,4940522000.0,996625000.0,829749000.0,539610000.0,236571000.0,101558000.0,137656000.0,36098000.0,
CCJ,2022-03-31,398038000.0,40350000.0,49826000.0,47778000.0,94400000.0,2801000.0,14934000.0,7485365000.0,4886855000.0,996438000.0,1055570000.0,493414000.0,220939000.0,172186000.0,202235000.0,30049000.0,
CCJ,2021-12-31,464547000.0,11227000.0,55844000.0,-2167000.0,85621000.0,1783000.0,15644000.0,7517744000.0,4845841000.0,998986000.0,1247447000.0,504862000.0,304337000.0,58928000.0,96389000.0,37461000.0,
CCJ,2021-09-30,361216000.0,-72116000.0,-26115000.0,-64853000.0,-8642000.0,1794000.0,15184000.0,7409697000.0,4859543000.0,1001674000.0,1021940000.0,530064000.0,172935000.0,202681000.0,233591000.0,30910000.0,
CCJ,2021-06-30,359205000.0,-36759000.0,12008000.0,-38181000.0,14062000.0,3112000.0,16027000.0,7441926000.0,4938455000.0,1002253000.0,869248000.0,607338000.0,262815000.0,151576000.0,173569000.0,21993000.0,
CCJ,2021-03-31,290016000.0,-4929000.0,-39804000.0,-31010000.0,56230000.0,479000.0,13856000.0,7425283000.0,4974627000.0,995709000.0,835060000.0,644638000.0,258039000.0,45103000.0,53523000.0,8420000.0,
CCJ,2020-12-31,550356000.0,79827000.0,108732000.0,57881000.0,197219000.0,2297000.0,15271000.0,7580831000.0,4958355000.0,1029611000.0,918382000.0,769797000.0,231880000.0,257259000.0,285260000.0,28001000.0,
CCJ,2020-09-30,378870000.0,-60770000.0,-23646000.0,-63886000.0,-23296000.0,493000.0,13299000.0,7566751000.0,4874310000.0,997222000.0,772756000.0,806888000.0,310119000.0,-66129000.0,-49745000.0,16384000.0,
CLS,2025-06-30,2893400000.0,211000000.0,371000000.0,272500000.0,272500000.0,34000000.0,13500000.0,6241100000.0,1757900000.0,875200000.0,313800000.0,1918100000.0,2287800000.0,152400000.0,184900000.0,32500000.0,
CLS,2025-03-31,2648600000.0,86200000.0,273900000.0,128800000.0,164800000.0,17600000.0,13700000.0,5834900000.0,1556800000.0,941700000.0,303000000.0,1788300000.0,2135900000.0,130300000.0,167000000.0,36700000.0,
CLS,2024-12-31,2545700000.0,135000000.0,289700000.0,195000000.0,187000000.0,23400000.0,400000.0,5988200000.0,1896000000.0,796700000.0,423300000.0,1760600000.0,2069000000.0,143400000.0,191154000.0,47754000.0,
CLS,2024-09-30,2499500000.0,91700000.0,259100000.0,136400000.0,186100000.0,18850000.0,12900000.0,5926800000.0,1819700000.0,941100000.0,398500000.0,1827400000.0,2022500000.0,144800000.0,190800000.0,46000000.0,
CLS,2024-06-30,2391406706.0,99600000.0,245349390.0,145869911.0,186961434.0,19396000.0,21900000.0,5881537316.0,1803135522.0,951660413.0,433936351.0,1852628262.0,1896000000.0,101319388.0,138245615.0,36926227.0,
CLS,2024-03-31,2199032854.0,101700000.0,217623515.0,136288469.0,179693707.0,16426294.0,16500000.0,5711206527.0,1709735700.0,831841611.0,307782395.0,1957180358.0,1815200000.0,116776021.0,156995554.0,40219533.0,
CLS,2023-12-31,2199660062.0,84200000.0,219298042.0,123419374.0,166374662.0,18086436.0,14900757.0,5860561411.0,1759451823.0,778794960.0,368504922.0,2095324560.0,1795700000.0,129929345.0,163626534.0,33697189.0,
CLS,2023-09-30,2043300000.0,80200000.0,206700000.0,117400000.0,161600000.0,16900000.0,18600000.0,5745300000.0,1736300000.0,790300000.0,353100000.0,2261100000.0,1599000000.0,88400000.0,115400000.0,27000000.0,
CLS,2023-06-30,1939400000.0,55500000.0,184600000.0,87800000.0,128879247.0,14300000.0,22400000.0,5500500000.0,1680600000.0,783400000.0,360700000.0,2345600000.0,1303700000.0,130200000.0,162300000.0,32100000.0,
CLS,2023-03-31,1837800000.0,24700000.0,164000000.0,59400000.0,97707429.0,12100000.0,21700000.0,5468100000.0,1655500000.0,775200000.0,318700000.0,2403300000.0,1265400000.0,72300000.0,105400000.0,33100000.0,
CLS,2022-12-31,2042600000.0,42400000.0,186200000.0,81600000.0,119100000.0,14500000.0,19300000.0,5628000000.0,1677700000.0,786100000.0,374500000.0,2350300000.0,1393500000.0,101300000.0,133600000.0,32300000.0,
CLS,2022-09-30,1923300000.0,45700000.0,167700000.0,78400000.0,115500000.0,11600000.0,17500000.0,5347900000.0,1569700000.0,792500000.0,363300000.0,2325800000.0,1161700000.0,74400000.0,113100000.0,38700000.0,
CLS,2022-06-30,1717200000.0,35600000.0,149900000.0,62700000.0,96100000.0,8800000.0,13100000.0,5140500000.0,1529600000.0,804400000.0,365500000.0,2107800000.0,1211100000.0,86900000.0,108500000.0,21600000.0,
CLS,2022-03-31,1566900000.0,21800000.0,132500000.0,40600000.0,77439550.0,11400000.0,9800000.0,4848000000.0,1509400000.0,785700000.0,346600000.0,1934800000.0,1243400000.0,35300000.0,51700000.0,16400000.0,
CLS,2021-12-31,1512100000.0,31900000.0,142100000.0,49900000.0,84700000.0,10600000.0,8300000.0,4666900000.0,1463000000.0,794400000.0,394000000.0,1697000000.0,1260300000.0,65800000.0,80200000.0,14400000.0,
CLS,2021-09-30,1467400000.0,35200000.0,125400000.0,51700000.0,81739677.0,10000000.0,7800000.0,4026100000.0,1469300000.0,571800000.0,477200000.0,1405900000.0,1148100000.0,55700000.0,71400000.0,15700000.0,
CLS,2021-06-30,1420300000.0,26300000.0,118000000.0,42400000.0,72380729.0,9000000.0,7600000.0,3745400000.0,1428300000.0,555000000.0,467200000.0,1224900000.0,1092600000.0,56500000.0,66000000.0,9500000.0,
CLS,2021-03-31,1234900000.0,10500000.0,101500000.0,23700000.0,54000000.0,8800000.0,8000000.0,3553400000.0,1410600000.0,553300000.0,449400000.0,1153600000.0,971600000.0,48800000.0,61400000.0,12600000.0,
CLS,2020-12-31,1386600000.0,20100000.0,113800000.0,35500000.0,66300000.0,8400000.0,9100000.0,3664100000.0,1409000000.0,585900000.0,463800000.0,1091500000.0,1100200000.0,49700000.0,68900000.0,19200000.0,
CLS,2020-09-30,1550500000.0,30400000.0,124200000.0,49200000.0,80400000.0,8100000.0,8900000.0,3789300000.0,1400500000.0,579300000.0,451400000.0,1205200000.0,1130100000.0,42000000.0,52100000.0,10100000.0,
COIN,2025-06-30,1497208000.0,1428900000.0,1251947000.0,-8702000.0,-8702000.0,387322000.0,20535000.0,23476038000.0,12094889000.0,4508672000.0,7608578000.0,,222996000.0,328474000.0,328474000.0,0.0,
COIN,2025-03-31,2034295000.0,65608000.0,1531654000.0,705806000.0,136300000.0,355368000.0,20511000.0,21731006000.0,10468240000.0,4322140000.0,8051169000.0,,768079000.0,-182727000.0,-182727000.0,0.0,
COIN,2024-12-31,2271637000.0,1291176000.0,1716476000.0,1034069000.0,1550408000.0,368691000.0,20537000.0,22541951000.0,10276842000.0,4319870000.0,8543903000.0,,914946000.0,964618000.0,964618000.0,0.0,
COIN,2024-09-30,1205193000.0,75495000.0,855658000.0,169513000.0,119806000.0,377440000.0,20530000.0,290558608000.0,8728122000.0,4231047000.0,7723806000.0,58507000.0,724094000.0,696544000.0,696544000.0,0.0,
COIN,2024-06-30,1425044000.0,36150000.0,1153873000.0,-34497000.0,4000.0,364258000.0,20507000.0,286959173000.0,8370769000.0,4228019000.0,7225535000.0,,955552000.0,484197000.0,484197000.0,0.0,
COIN,2024-03-31,1637570000.0,1176245000.0,1247201000.0,760461000.0,789788000.0,357863000.0,19071000.0,348036477000.0,8070994000.0,4233834000.0,6711400000.0,335366185000.0,1117790000.0,411485000.0,411485000.0,0.0,
COIN,2023-12-31,953795000.0,273437000.0,798751000.0,104600000.0,134085000.0,323087000.0,18737000.0,14753901000.0,6281649000.0,2994680000.0,5139351000.0,,631086000.0,-5186000.0,5845000.0,11031000.0,
COIN,2023-09-30,674148000.0,-2265000.0,583571000.0,-79825000.0,-44760000.0,322756000.0,20821000.0,127305595000.0,5921125000.0,3094304000.0,5100799000.0,117930899000.0,467193000.0,313935000.0,314089000.0,154000.0,
COIN,2023-06-30,707911000.0,-97405000.0,599711000.0,-73575000.0,-14635000.0,320667000.0,21672000.0,137650575000.0,5754703000.0,3355218000.0,5166733000.0,128272496000.0,491969000.0,151124000.0,151174000.0,50000.0,-1437942000.0
COIN,2023-03-31,772529000.0,-78896000.0,676160000.0,349000.0,53772000.0,358031000.0,21536000.0,139301859000.0,5674946000.0,3419678000.0,5018409000.0,129942453000.0,548351000.0,463078000.0,463128000.0,50000.0,897127000.0
COIN,2022-12-31,629108000.0,-557001000.0,546117000.0,-555390000.0,-507293000.0,590103000.0,21600000.0,89724873000.0,5454557000.0,3489745000.0,4425021000.0,80678391000.0,464817000.0,3231857000.0,3244250000.0,12393000.0,-2404160000.0
COIN,2022-09-30,590339000.0,-544635000.0,488463000.0,-557716000.0,-508679000.0,556338000.0,21507000.0,111168363000.0,5626315000.0,3474941000.0,5006584000.0,101821232000.0,300876000.0,-397495000.0,-381746000.0,15749000.0,-1015047000.0
COIN,2022-06-30,808325000.0,-1093654000.0,641138000.0,-1001936000.0,-953206000.0,609249000.0,23656000.0,105468243000.0,5813389000.0,3483028000.0,5682068000.0,95799318000.0,308022000.0,-351132000.0,-325584000.0,25548000.0,-3160281000.0
COIN,2022-03-31,1166436000.0,-429659000.0,888610000.0,-554463000.0,-515135000.0,570664000.0,22138000.0,20895194000.0,6496093000.0,3635404000.0,6116388000.0,10238999000.0,402815000.0,-91356000.0,-81075000.0,10281000.0,-1508271000.0
COIN,2021-12-31,2498463000.0,840208000.0,1997282000.0,922324000.0,952733000.0,459611000.0,,21274425000.0,6381689000.0,3511299000.0,7123478000.0,10690088000.0,365937000.0,2993320000.0,3037968000.0,44648000.0,2403809000.0
COIN,2021-09-30,1311908000.0,406100000.0,1114657000.0,291808000.0,316720000.0,356264000.0,6972000.0,18454271000.0,5360497000.0,3940813000.0,6352775000.0,9089555000.0,331820000.0,342047000.0,349160000.0,7113000.0,1994115000.0
COIN,2021-06-30,2227962000.0,1606349000.0,1892536000.0,874725000.0,897625000.0,291461000.0,748000.0,15790208000.0,4623425000.0,1887143000.0,4365982000.0,9102196000.0,619675000.0,3982899000.0,4012515000.0,29616000.0,5057917000.0
COIN,2021-03-31,1801112000.0,771463000.0,1567046000.0,987713000.0,1007685000.0,184225000.0,,10201112000.0,2304408000.0,662034000.0,1983318000.0,6322617000.0,208828000.0,3411765000.0,3416171000.0,4406000.0,3433675000.0
COIN,2020-12-31,585112000.0,176785000.0,535166000.0,226585000.0,235162000.0,90498000.0,,5855414000.0,963584000.0,379081000.0,1061850000.0,3830397000.0,189471000.0,2158243000.0,2163280000.0,5037000.0,
COIN,2020-09-30,315357000.0,81299000.0,278591000.0,101505000.0,109512000.0,73319000.0,,,,,,,189471000.0,208189000.0,215119000.0,6930000.0,
CRCL,2025-03-31,578573000.0,64791000.0,155306000.0,92940000.0,104052000.0,,335000.0,62262397000.0,744976000.0,37414000.0,848606000.0,,200339000.0,56593000.0,68268000.0,11675000.0,
CRCL,2024-03-31,365094000.0,48639000.0,97208000.0,52319000.0,84966000.0,,497000.0,,,,,,,77167000.0,86050000.0,8883000.0,
CRWD,2025-04-30,1103434000.0,-110207000.0,814291000.0,-124656000.0,-19115000.0,334129000.0,6715000.0,8720362000.0,3450877000.0,785398000.0,4614153000.0,,808694000.0,384107000.0,487295000.0,103188000.0,
CRWD,2025-01-31,1058538000.0,-92282000.0,784548000.0,-85301000.0,17641000.0,315142000.0,6664000.0,8701578000.0,3279494000.0,788901000.0,4323295000.0,,1128564000.0,345722000.0,450636000.0,104914000.0,
CRWD,2024-10-31,1010178000.0,-16822000.0,755091000.0,-55723000.0,51297000.0,275602000.0,6587000.0,7782958000.0,3057933000.0,791951000.0,4260324000.0,,813922000.0,326136000.0,421111000.0,94975000.0,
CRWD,2024-07-31,963872000.0,47013000.0,726471000.0,13658000.0,116737000.0,250908000.0,6549000.0,7202474000.0,2852915000.0,791973000.0,4038536000.0,,661045000.0,326641000.0,380411000.0,53770000.0,
CRWD,2024-04-30,921036000.0,42820000.0,696033000.0,6936000.0,55620000.0,235249000.0,6511000.0,6841985000.0,2535540000.0,792976000.0,3702437000.0,,702856000.0,383228000.0,443390000.0,60162000.0,
CRWD,2024-01-31,845335000.0,53699000.0,636079000.0,31099000.0,73468000.0,213998000.0,6422000.0,6646520000.0,2303950000.0,792874000.0,3375069000.0,1.0,853105000.0,347016000.0,421052000.0,74036000.0,
CRWD,2023-10-31,786014000.0,26665000.0,591010000.0,3163000.0,81175000.0,196072000.0,6503000.0,5831056000.0,2028950000.0,794923000.0,2968872000.0,209216000.0,561872000.0,273518000.0,307438000.0,33920000.0,
CRWD,2023-07-31,731626000.0,8472000.0,548709000.0,-15373000.0,53408000.0,179362000.0,6444000.0,5520458000.0,1838207000.0,790571000.0,3167215000.0,197111000.0,539463000.0,244781000.0,300771000.0,55990000.0,
CRWD,2023-04-30,692580000.0,491000.0,523350000.0,11295000.0,41878000.0,179065000.0,6387000.0,5137858000.0,1605301000.0,794366000.0,2829677000.0,186901000.0,461092000.0,300892000.0,374058000.0,73166000.0,374831000.0
CRWD,2023-01-31,637367000.0,-47481000.0,461763000.0,-61500000.0,-9416000.0,191845000.0,6352000.0,5026540000.0,1463641000.0,783618000.0,2455369000.0,186855000.0,626181000.0,273293000.0,338682000.0,65389000.0,
CRWD,2022-10-31,580882000.0,-54631000.0,422654000.0,-56422000.0,-13511000.0,155256000.0,6334000.0,4469443000.0,1314289000.0,769040000.0,2466551000.0,162260000.0,485313000.0,242851000.0,311625000.0,68774000.0,
CRWD,2022-07-31,535153000.0,-49285000.0,394586000.0,-48307000.0,-15291000.0,137864000.0,6335000.0,4154236000.0,1225419000.0,771917000.0,2318858000.0,1.0,418799000.0,209906000.0,284055000.0,74149000.0,
CRWD,2022-04-30,487834000.0,-30409000.0,361002000.0,-23883000.0,-242000.0,123399000.0,6298000.0,3835835000.0,1102541000.0,772053000.0,2152736000.0,135681000.0,369130000.0,214957000.0,273082000.0,58125000.0,158575000.0
CRWD,2022-01-31,431010000.0,-41980000.0,318390000.0,-23534000.0,-1364000.0,105018000.0,6302000.0,3618381000.0,1025764000.0,774716000.0,1996633000.0,126822000.0,368145000.0,159718000.0,192106000.0,32388000.0,92236000.0
CRWD,2021-10-31,380051000.0,-50455000.0,278387000.0,-40264000.0,-21715000.0,97630000.0,6403000.0,3299617000.0,948182000.0,776746000.0,1907508000.0,108636000.0,283272000.0,159058000.0,195293000.0,36235000.0,121877000.0
CRWD,2021-07-31,337690000.0,-57318000.0,247258000.0,-47403000.0,-30696000.0,90455000.0,6296000.0,3136045000.0,904268000.0,777524000.0,1787051000.0,95470000.0,266540000.0,108475000.0,143311000.0,34836000.0,103490000.0
CRWD,2021-04-30,302843000.0,-85049000.0,224338000.0,-31347000.0,-12207000.0,78180000.0,6230000.0,2881171000.0,849264000.0,779191000.0,1684997000.0,85388000.0,211233000.0,147533000.0,177763000.0,30230000.0,-234804000.0
CRWD,2021-01-31,264929000.0,-19002000.0,198197000.0,-15803000.0,-3285000.0,66070000.0,1049000.0,2732533000.0,870574000.0,778992000.0,1918608000.0,80850000.0,239199000.0,114463000.0,131716000.0,17253000.0,
CRWD,2020-10-31,232460000.0,-24531000.0,170933000.0,-24159000.0,-13408000.0,57539000.0,193000.0,1749509000.0,813485000.0,42652000.0,1059926000.0,62422000.0,172775000.0,88501000.0,100907000.0,12406000.0,
CRWD,2020-07-31,198971000.0,-29874000.0,144580000.0,-29991000.0,-19736000.0,50483000.0,174000.0,1616952000.0,790965000.0,44777000.0,1064734000.0,53837000.0,149236000.0,55025000.0,77633000.0,22608000.0,
DASH,2025-03-31,3032000000.0,193000000.0,1532000000.0,155000000.0,351000000.0,306000000.0,,13572000000.0,8389000000.0,527000000.0,4500000000.0,,926000000.0,635000000.0,709000000.0,74000000.0,
DASH,2024-12-31,2873000000.0,141000000.0,1420000000.0,117000000.0,258000000.0,297000000.0,,12845000000.0,7803000000.0,536000000.0,4019000000.0,,865000000.0,518000000.0,616000000.0,98000000.0,
DASH,2024-09-30,2706000000.0,162000000.0,1332000000.0,107000000.0,245000000.0,289000000.0,,12277000000.0,7569000000.0,532000000.0,3664000000.0,,622000000.0,531000000.0,618000000.0,87000000.0,
DASH,2024-06-30,2630000000.0,-157000000.0,1105000000.0,-199000000.0,-61000000.0,303000000.0,,11837000000.0,7162000000.0,534000000.0,3430000000.0,,585000000.0,530000000.0,609000000.0,79000000.0,
DASH,2024-03-31,2513000000.0,-23000000.0,1183000000.0,-61000000.0,81000000.0,279000000.0,,11450000000.0,6999000000.0,547000000.0,3124000000.0,394000000.0,546000000.0,553000000.0,619000000.0,66000000.0,
DASH,2023-12-31,2303000000.0,-154000000.0,1074000000.0,-89000000.0,41000000.0,253000000.0,151000000.0,10839000000.0,6806000000.0,522000000.0,2656000000.0,356000000.0,533000000.0,485000000.0,572000000.0,87000000.0,
DASH,2023-09-30,2164000000.0,-73000000.0,1008000000.0,-108000000.0,20000000.0,250000000.0,,10013000000.0,6559000000.0,493000000.0,2344000000.0,385000000.0,417000000.0,398000000.0,472000000.0,74000000.0,
DASH,2023-06-30,2133000000.0,-170000000.0,998000000.0,-211000000.0,-83000000.0,269000000.0,,9601000000.0,6396000000.0,498000000.0,1904000000.0,297000000.0,383000000.0,393000000.0,475000000.0,82000000.0,-50000000.0
DASH,2023-03-31,2035000000.0,-162000000.0,966000000.0,-169000000.0,-46000000.0,231000000.0,1000000.0,9646000000.0,6518000000.0,492000000.0,1833000000.0,290000000.0,382000000.0,397000000.0,478000000.0,81000000.0,-3000000.0
DASH,2022-12-31,1818000000.0,-642000000.0,804000000.0,-286000000.0,-547000000.0,250000000.0,1000000.0,9789000000.0,6754000000.0,511000000.0,1977000000.0,441000000.0,400000000.0,23000000.0,119000000.0,96000000.0,
DASH,2022-09-30,1701000000.0,-296000000.0,770000000.0,-308000000.0,-185000000.0,226000000.0,9000000.0,9552000000.0,6825000000.0,505000000.0,2320000000.0,,325000000.0,199000000.0,299000000.0,100000000.0,-384000000.0
DASH,2022-06-30,1608000000.0,-263000000.0,728000000.0,-273000000.0,-190000000.0,205000000.0,1000000.0,9928000000.0,7410000000.0,496000000.0,2727000000.0,,346000000.0,165000000.0,244000000.0,79000000.0,494000000.0
DASH,2022-03-31,1456000000.0,-161000000.0,693000000.0,-173000000.0,-108000000.0,148000000.0,1000000.0,6822000000.0,4652000000.0,422000000.0,2243000000.0,,321000000.0,-20000000.0,51000000.0,71000000.0,-261000000.0
DASH,2021-12-31,1300000000.0,-155000000.0,665000000.0,-152000000.0,-103000000.0,133000000.0,1000000.0,6809000000.0,4667000000.0,399000000.0,2504000000.0,,349000000.0,167000000.0,237000000.0,70000000.0,-356000000.0
DASH,2021-09-30,1275000000.0,-101000000.0,690000000.0,-100000000.0,-60000000.0,115000000.0,0.0,6358000000.0,4666000000.0,366000000.0,2861000000.0,,286000000.0,107000000.0,166000000.0,59000000.0,-472000000.0
DASH,2021-06-30,1236000000.0,-102000000.0,681000000.0,-99000000.0,-62000000.0,100000000.0,1000000.0,6182000000.0,4619000000.0,321000000.0,3334000000.0,,245000000.0,252000000.0,306000000.0,54000000.0,-673000000.0
DASH,2021-03-31,1077000000.0,-110000000.0,514000000.0,-99000000.0,-68000000.0,82000000.0,12000000.0,5902000000.0,4555000000.0,259000000.0,4007000000.0,,282000000.0,166000000.0,220000000.0,54000000.0,-337000000.0
DASH,2020-12-31,970000000.0,-312000000.0,501000000.0,-305000000.0,-270000000.0,209000000.0,10000000.0,6353000000.0,4700000000.0,617000000.0,4345000000.0,,291000000.0,-63000000.0,-26000000.0,37000000.0,
DASH,2020-09-30,879000000.0,-43000000.0,497000000.0,-35000000.0,1000000.0,41000000.0,9000000.0,2874000000.0,1433000000.0,606000000.0,1096000000.0,,182000000.0,230000000.0,294000000.0,64000000.0,
DASH,2020-06-30,675000000.0,23000000.0,352000000.0,27000000.0,63000000.0,38000000.0,9000000.0,6353000000.0,4700000000.0,,4345000000.0,,291000000.0,210000000.0,236000000.0,26000000.0,
DAVE,2025-03-31,107979000.0,28812000.0,100873000.0,35149000.0,37163000.0,,1758000.0,315655000.0,199463000.0,75469000.0,47002000.0,,194672000.0,45247000.0,45284000.0,37000.0,
DAVE,2024-12-31,100840000.0,16806000.0,94556000.0,20993000.0,21678000.0,,1843000.0,299327000.0,183101000.0,75554000.0,49718000.0,,175857000.0,41714000.0,43542000.0,1828000.0,
DAVE,2024-09-30,92489000.0,466000.0,83913000.0,2550000.0,4642000.0,,1964000.0,272242000.0,155815000.0,836000.0,35059000.0,,165533000.0,37032000.0,40734000.0,3702000.0,
DAVE,2024-06-30,80117000.0,6358000.0,72323000.0,5669000.0,8307000.0,,1965000.0,247164000.0,141757000.0,75703000.0,48600000.0,,127959000.0,28047000.0,30357000.0,2310000.0,
DAVE,2024-03-31,73630000.0,34243000.0,41355000.0,5399000.0,41397000.0,,2217000.0,235599000.0,127314000.0,75770000.0,55525000.0,,105123000.0,18344000.0,19948000.0,1604000.0,
DAVE,2023-12-31,73200000.0,179000.0,42200000.0,1900000.0,4886000.0,,2792000.0,294023000.0,87063000.0,181292000.0,41759000.0,,112846000.0,15633000.0,17670000.0,2037000.0,
DAVE,2023-09-30,65811000.0,-12053000.0,58747000.0,-122441000.0,-7552000.0,,3057000.0,294447000.0,79181000.0,180266000.0,43608000.0,813000.0,97124000.0,15369000.0,17253000.0,1884000.0,
DAVE,2023-06-30,61235000.0,-22618000.0,54003000.0,-132412000.0,-18367000.0,,3027000.0,296012000.0,84118000.0,179547000.0,49346000.0,821000.0,88654000.0,9681000.0,12133000.0,2452000.0,-2408000.0
DAVE,2023-03-31,58900000.0,-14008000.0,51800000.0,97011000.0,-9825000.0,,2898000.0,305443000.0,100080000.0,178841000.0,51754000.0,824000.0,80161000.0,-6929000.0,-4719000.0,2210000.0,28865000.0
DAVE,2022-12-31,59600000.0,-21500000.0,51300000.0,-21284000.0,-19700000.0,,2922000.0,321492000.0,106560000.0,178148000.0,22889000.0,831000.0,104183000.0,-3939000.0,-1579000.0,2360000.0,-15583000.0
DAVE,2022-09-30,56800000.0,-47526000.0,47300000.0,-41422000.0,-41228000.0,,2403000.0,334226000.0,123225000.0,167437000.0,38558000.0,-87608000.0,87608000.0,-14316000.0,-12108000.0,2208000.0,12434000.0
DAVE,2022-06-30,45800000.0,-27122000.0,38200000.0,-49169000.0,-23128000.0,,2288000.0,358500000.0,163272000.0,157739000.0,26379000.0,-270433000.0,76086000.0,10851000.0,13109000.0,2258000.0,-8356000.0
DAVE,2022-03-31,42600000.0,-34822000.0,36100000.0,-24758000.0,-30201000.0,,1555000.0,387774000.0,174440000.0,157377000.0,23569000.0,-61813000.0,61813000.0,-37479000.0,-34993000.0,2486000.0,-8356000.0
DAVE,2021-12-31,41200000.0,-15200000.0,34700000.0,32276000.0,-14536000.0,,1374000.0,147186000.0,-33400000.0,73636000.0,32000000.0,14747000.0,49013000.0,-18601000.0,-16254000.0,2347000.0,-39818.0
DAVE,2021-09-30,40198000.0,-7889000.0,33993000.0,-15671000.0,-2676840.0,,709000.0,133856000.0,52627100.0,48707000.0,21307000.0,6170000.0,44868000.0,-21217000.0,-19376000.0,1841000.0,
DAVE,2021-06-30,37229000.0,-864000.0,31734000.0,-6272000.0,-1864000.0,600000.0,508000.0,255569021.0,224534945.0,25667000.0,703038.0,,,798000.0,816000.0,18000.0,
DAVE,2021-03-31,34426000.0,3952000.0,29206000.0,-10333000.0,7033000.0,600000.0,277000.0,255889508.0,228013609.0,,866232.0,,,-1680000.0,1623000.0,3303000.0,
DAVE,2020-12-31,35452000.0,-34610000.0,29502000.0,-10127000.0,-13147000.0,1100000.0,14000.0,76405000.0,49844100.0,6106000.0,4789000.0,4091000.0,38744000.0,-4826000.0,-3572000.0,1254000.0,
DAVE,2020-09-30,32047000.0,6077000.0,21305000.0,-1545000.0,-1527000.0,400000.0,,,,,,,,-12993000.0,-12953000.0,40000.0,
DAVE,2020-06-30,27148500.0,678000.0,17688500.0,5155000.0,5205500.0,350000.0,,,,,,,,4336500.0,4418500.0,82000.0,
DOCS,2025-03-31,138288000.0,62458000.0,123821000.0,48680000.0,51509000.0,24803000.0,,1264309000.0,1082625000.0,12396000.0,209614000.0,,128354000.0,98487000.0,99994000.0,1507000.0,
DOCS,2024-12-31,168603000.0,75196000.0,154422000.0,79925000.0,82580000.0,22421000.0,,1172157000.0,1031120000.0,12947000.0,165270000.0,,137504000.0,65189000.0,66960000.0,1771000.0,
DOCS,2024-09-30,136832000.0,44154000.0,123156000.0,53142000.0,58059000.0,23240000.0,,1118516000.0,961196000.0,13491000.0,184248000.0,,124793000.0,68346000.0,69889000.0,1543000.0,
DOCS,2024-06-30,126676000.0,41377000.0,113126000.0,46053000.0,48615000.0,22574000.0,,1073458000.0,913580000.0,14031000.0,111442000.0,1.0,128009999.0,41243000.0,42947000.0,1704000.0,
DOCS,2024-03-31,118057000.0,40618000.0,105490000.0,41852000.0,44400000.0,20148000.0,,1079374000.0,901397000.0,14546000.0,96785000.0,,101332000.0,63944000.0,65578000.0,1634000.0,
DOCS,2023-12-31,135284000.0,47956000.0,123094000.0,58551000.0,61060000.0,19946000.0,,1000649000.0,864614000.0,15056000.0,123089000.0,5886000.0,97584000.0,50054000.0,51378000.0,1324000.0,
DOCS,2023-09-30,113612000.0,30602000.0,100853000.0,33792000.0,44332000.0,19958000.0,,1025571000.0,871467000.0,15054000.0,108403000.0,2960000.0,97217000.0,12898000.0,14177000.0,1279000.0,
DOCS,2023-06-30,108469000.0,28406000.0,95316000.0,29683000.0,32287000.0,21931000.0,,1153509000.0,990787000.0,15633000.0,306729000.0,3729000.0,92922000.0,57200000.0,58764000.0,1564000.0,
DOCS,2023-03-31,110966000.0,30668000.0,97289000.0,32841000.0,35549000.0,21541000.0,3875000.0,1136888000.0,966116000.0,15637000.0,158027000.0,5118000.0,107047000.0,46639000.0,47665000.0,1026000.0,
DOCS,2022-12-31,115262000.0,33468000.0,101736000.0,38484000.0,41100000.0,20519000.0,2461000.0,1067087000.0,930174000.0,15639000.0,136454000.0,5572000.0,74862000.0,48697000.0,49913000.0,1216000.0,
DOCS,2022-09-30,102185000.0,26299000.0,88975000.0,32101000.0,34690000.0,19104000.0,908000.0,1028343000.0,878964000.0,15638000.0,73674000.0,,79236000.0,39514000.0,41331000.0,1817000.0,
DOCS,2022-06-30,90639000.0,22383000.0,77562000.0,21682000.0,24052000.0,19022000.0,804000.0,1050931000.0,902166000.0,11769000.0,110092000.0,3610000.0,76021000.0,44752000.0,46877000.0,2125000.0,
DOCS,2022-03-31,93653000.0,36726000.0,81888000.0,27921000.0,29289000.0,17424000.0,16000.0,991357000.0,878594000.0,1089000.0,112809000.0,,81073000.0,46964000.0,49073000.0,2109000.0,
DOCS,2021-12-31,97876000.0,55647000.0,86791000.0,35789000.0,37150000.0,16225000.0,20000.0,932172000.0,838848000.0,1595000.0,85079000.0,5060000.0,71623000.0,27284000.0,28960000.0,1676000.0,
DOCS,2021-09-30,79350000.0,36088000.0,70399000.0,24951000.0,26109000.0,15460000.0,420000.0,869255000.0,772560000.0,616000.0,79521000.0,3107000.0,55681000.0,19152000.0,20252000.0,1100000.0,
DOCS,2021-06-30,72669000.0,26322000.0,64683000.0,24875000.0,26028000.0,13241000.0,45000.0,830182000.0,728452000.0,784000.0,594321000.0,4103000.0,47290000.0,33175000.0,33987000.0,812000.0,
DOCS,2021-03-31,66687000.0,21483000.0,58694000.0,22847000.0,23838000.0,12558000.0,38000.0,251719000.0,66743000.0,1254000.0,66393000.0,5856000.0,50319000.0,37551000.0,38464000.0,913000.0,
DOCS,2020-12-31,58709000.0,17231000.0,50837000.0,17936000.0,18951000.0,11406000.0,4601000.0,206378000.0,121196000.0,1798000.0,69975000.0,1.0,46714000.0,23961000.0,25036000.0,1075000.0,
DOCS,2020-09-30,45113000.0,10037000.0,37657000.0,10437000.0,11365000.0,9866000.0,20000.0,,,,,,,12701000.0,14147000.0,1446000.0,
DOCS,2020-06-30,36388000.0,1459000.0,28513000.0,2083000.0,2851000.0,10043000.0,153000.0,172892000.0,82594000.0,,-86446000.0,,,8760000.0,9936000.0,1176000.0,
FIX,2025-06-30,2173319000.0,230848000.0,509897000.0,299873000.0,299873000.0,,1605000.0,5063729000.0,1971209000.0,283650000.0,331710000.0,70732000.0,2602846000.0,252495000.0,283768000.0,31273000.0,
FIX,2025-03-31,1831286000.0,169289000.0,403416000.0,209098000.0,243756000.0,,1619000.0,4569218000.0,1777013000.0,278206000.0,204758000.0,63045000.0,2278837000.0,-87950000.0,-65742000.0,22208000.0,
FIX,2024-12-31,1867804000.0,145870000.0,433738000.0,226355000.0,220900000.0,,1576000.0,4711088000.0,1704676000.0,308600000.0,549939000.0,59224000.0,2134865000.0,210463000.0,251139000.0,40676000.0,
FIX,2024-09-30,1812366000.0,146235000.0,381714000.0,202884000.0,226296000.0,,1730000.0,4412765000.0,1587722000.0,276629000.0,415583000.0,55680000.0,2029549000.0,302179000.0,324238000.0,22059000.0,
FIX,2024-06-30,1810290000.0,134009000.0,349415000.0,184059000.0,222739000.0,,1709000.0,4213984000.0,1482294000.0,326346000.0,199419000.0,63778000.0,2014688000.0,189858000.0,213242000.0,23384000.0,
FIX,2024-03-31,1537016000.0,96319000.0,284754000.0,134640000.0,169807000.0,,1633000.0,3902829000.0,1372536000.0,325736000.0,100792000.0,71061000.0,1813836000.0,146557000.0,171509000.0,24952000.0,
FIX,2023-12-31,1357566000.0,91581000.0,269777000.0,119659000.0,140040300.0,,401300.0,3305579000.0,1277829000.0,256774000.0,205150000.0,65538000.0,1586103000.0,173008000.0,198272000.0,25264000.0,
FIX,2023-09-30,1378124000.0,105125000.0,277499000.0,135143000.0,156455700.0,,1885700.0,3140619000.0,1207162000.0,238716000.0,137623000.0,53899000.0,1578023000.0,214241000.0,242685000.0,28444000.0,
FIX,2023-06-30,1296430000.0,69476000.0,227920000.0,92082000.0,114833000.0,,3918000.0,2915117000.0,1111464000.0,262581000.0,60007000.0,41619000.0,1348215000.0,125410000.0,150020000.0,24610000.0,11447000.0
FIX,2023-03-31,1174640000.0,57216000.0,205405000.0,70885000.0,89419000.0,,4076000.0,2839471000.0,1053490000.0,324247000.0,48560000.0,37013000.0,1326261000.0,126909000.0,143429000.0,16520000.0,-8654000.0
FIX,2022-12-31,1117188000.0,55424000.0,211248000.0,59529000.0,100605000.0,,4620000.0,2597478000.0,999923000.0,256245000.0,57214000.0,35309000.0,1166692000.0,132007000.0,145573000.0,13566000.0,-13925000.0
FIX,2022-09-30,1120012000.0,61515000.0,202224000.0,81436000.0,102965000.0,,3609000.0,2549473000.0,951132000.0,495149000.0,71139000.0,38149000.0,1221431000.0,61232000.0,75810000.0,14578000.0,2010000.0
FIX,2022-06-30,1017948000.0,42246000.0,174992000.0,56651000.0,82867000.0,,3026000.0,2439622000.0,896845000.0,519290000.0,69129000.0,31246000.0,1109012000.0,44563000.0,55586000.0,11023000.0,-46486000.0
FIX,2022-03-31,885216000.0,86762000.0,153144000.0,35691000.0,65309000.0,,2129000.0,2308413000.0,878408000.0,519519000.0,115615000.0,24918000.0,967723000.0,63729000.0,72921000.0,9192000.0,56839000.0
FIX,2021-12-31,856084000.0,37595000.0,154071000.0,49331000.0,76353000.0,,1753000.0,2209114000.0,805666000.0,514781000.0,58776000.0,21853000.0,922988000.0,27497000.0,33963000.0,6466000.0,-8945000.0
FIX,2021-09-30,833896000.0,46297000.0,159212000.0,64105000.0,85458000.0,,1586000.0,1951334000.0,771789000.0,272730000.0,67721000.0,19908000.0,775074000.0,42585000.0,47687000.0,5102000.0,14062000.0
FIX,2021-06-30,713895000.0,32965000.0,126455000.0,39397000.0,63916000.0,,1360000.0,1754950000.0,752012000.0,241567000.0,53659000.0,18837000.0,735554000.0,25422000.0,31372000.0,5950000.0,1543000.0
FIX,2021-03-31,669761000.0,26491000.0,123469000.0,35605000.0,56978000.0,,1497000.0,1715530000.0,723103000.0,324448000.0,52116000.0,15653000.0,680991000.0,84647000.0,89459000.0,4812000.0,-2780000.0
FIX,2020-12-31,698961000.0,42840000.0,136999000.0,48281000.0,62584000.0,,1401000.0,1757355000.0,696429000.0,252319000.0,54896000.0,13472000.0,683762000.0,70110000.0,74782000.0,4672000.0,-15644000.0
FIX,2020-09-30,714099000.0,50088000.0,147196000.0,56685000.0,71658000.0,,1733000.0,1677969000.0,668126000.0,303921000.0,70540000.0,12700000.0,717743000.0,52614000.0,57534000.0,4920000.0,17289000.0
FUTU,2025-03-31,4694637000.0,2145323000.0,3945684000.0,2685258000.0,2685258000.0,385979000.0,,180638414000.0,30299531000.0,11235030000.0,6495155000.0,,77770161000.0,,,0.0,
FUTU,2024-12-31,3919196000.0,1871704000.0,3919196000.0,2217363000.0,,399462000.0,,159701732000.0,28011241000.0,,11688383000.0,,22843482000.0,,,0.0,
FUTU,2024-09-30,3022501000.0,1321062000.0,2811252000.0,1731307000.0,1731307000.0,384728000.0,,143462024000.0,28423048000.0,4384680000.0,9048504000.0,,61270992000.0,,,0.0,
FUTU,2024-06-30,2751361000.0,1212190000.0,2554687000.0,1480307000.0,1480307000.0,373943000.0,,120885687000.0,26901461000.0,5861849000.0,9378747000.0,51263114000.0,54319072000.0,,,0.0,
FUTU,2024-03-31,2592459000.0,1038138000.0,2122213000.0,1192727000.0,1192727000.0,335487000.0,,107331348000.0,25668638000.0,4053018000.0,6643541000.0,45627124000.0,49681307000.0,,,0.0,
FUTU,2023-12-31,2102478000.0,878225000.0,2102478000.0,1023783000.0,-19746000.0,363132000.0,,97135847000.0,24568736000.0,,4937538000.0,,10147648000.0,,,0.0,
FUTU,2023-09-30,2650415000.0,1091465000.0,2213018000.0,1320164000.0,1320164000.0,359514000.0,,96639782000.0,23529657000.0,5222051000.0,5283275000.0,43794896000.0,43084092000.0,,,0.0,
FUTU,2023-06-30,2264502000.0,1119741000.0,1889968000.0,1329208000.0,1258563000.0,363348000.0,220386000.0,104378381000.0,22420613000.0,4748328000.0,3725610000.0,-98965000.0,44921500000.0,,,0.0,
FUTU,2023-03-31,2369013000.0,1192043000.0,2078203000.0,1521087000.0,1404973000.0,354899000.0,130840000.0,106568606000.0,22210674000.0,3453879000.0,7354371000.0,-105455000.0,42232756000.0,1304648000.0,1319683000.0,15035000.0,
FUTU,2022-12-31,2098741000.0,958776000.0,1756571000.0,1338637000.0,1307144000.0,805325000.0,181978000.0,94502830000.0,20861544000.0,2691675000.0,5034758000.0,-87360340000.0,9828670000.0,1304648000.0,1319683000.0,15035000.0,
FUTU,2022-09-30,1900882000.0,754643000.0,1682767000.0,903715000.0,935208000.0,313439000.0,44698000.0,98021647000.0,20186243000.0,6760569000.0,6870999000.0,-110153000.0,36888868000.0,-11947806000.0,-11934981000.0,12825000.0,
FUTU,2022-06-30,1720122000.0,641685000.0,1720122000.0,729539000.0,817227000.0,291725000.0,26602000.0,109758280000.0,19552820000.0,4581664000.0,6306150000.0,-108740000.0,38519520000.0,,,0.0,
FUTU,2022-03-31,1601779000.0,571840000.0,1601779000.0,683613000.0,664713000.0,282449000.0,39225000.0,105191001000.0,20352526000.0,3975013000.0,5923068000.0,-87907000.0,36772910000.0,,,0.0,
FUTU,2021-12-31,1547193000.0,498809000.0,341129000.0,594404000.0,628238000.0,805325000.0,55616000.0,101538514000.0,20985559000.0,11085845000.0,4555096000.0,-94977619000.0,10447794000.0,807188000.0,820225000.0,13037000.0,
FUTU,2021-09-30,1656731000.0,615211000.0,1656731000.0,749943000.0,784301000.0,223905000.0,74319000.0,104979054000.0,21575782000.0,8196270000.0,2082051000.0,,10916614000.0,19556511000.0,19585308000.0,28797000.0,
FUTU,2021-06-30,1497358000.0,533891000.0,1497358000.0,704287000.0,650661000.0,173405000.0,79500000.0,129735362000.0,20904897000.0,29603444000.0,1773938000.0,,11660084000.0,,,0.0,
FUTU,2021-03-31,2037136000.0,1162299000.0,2037136000.0,1445367000.0,1271619000.0,137382000.0,167467000.0,112597778000.0,9486805000.0,15231531000.0,1501861000.0,,10481077000.0,,,0.0,
FUTU,2020-12-31,1122026000.0,532460000.0,426072000.0,3265067000.0,580733000.0,513283000.0,64418000.0,71337767000.0,8307690000.0,11158086000.0,1334668000.0,,8077032000.0,446292000.0,477815000.0,31523000.0,
FUTU,2020-09-30,898815000.0,401721000.0,898815000.0,481778000.0,441341000.0,149842000.0,47357000.0,75508090000.0,5701915000.0,27771566000.0,1023343000.0,,4245286000.0,,,0.0,
FUTU,2020-06-30,647371000.0,236488000.0,647371000.0,304941000.0,269527000.0,117266000.0,40193000.0,42961555000.0,2950070000.0,1754922000.0,885977000.0,,3861724000.0,16848731000.0,16880254000.0,31523000.0,
GOOGL,2025-06-30,96428000000.0,28196000000.0,57389000000.0,31271000000.0,39192000000.0,13808000000.0,261000000.0,502053000000.0,362916000000.0,35559000000.0,21036000000.0,,55048000000.0,27747000000.0,50193000000.0,22446000000.0,
GOOGL,2025-03-31,90234000000.0,34540000000.0,53873000000.0,30606000000.0,46310000000.0,13556000000.0,34000000.0,475374000000.0,345267000000.0,23564000000.0,23264000000.0,,51000000000.0,36150000000.0,53347000000.0,17197000000.0,
GOOGL,2024-12-31,96469000000.0,26536000000.0,55856000000.0,30972000000.0,36501000000.0,13116000000.0,53000000.0,450256000000.0,325084000000.0,25461000000.0,23466000000.0,,52340000000.0,39113000000.0,53389000000.0,14276000000.0,
GOOGL,2024-09-30,88268000000.0,26301000000.0,51794000000.0,28521000000.0,35745000000.0,12447000000.0,54000000.0,430266000000.0,314119000000.0,26922000000.0,19959000000.0,,49104000000.0,30698000000.0,43759000000.0,13061000000.0,
GOOGL,2024-06-30,84742000000.0,23619000000.0,49235000000.0,27425000000.0,31326000000.0,11860000000.0,67000000.0,414770000000.0,300753000000.0,27801000000.0,27225000000.0,,47087000000.0,26640000000.0,39826000000.0,13186000000.0,
GOOGL,2024-03-31,80539000000.0,23662000000.0,46827000000.0,25472000000.0,31822000000.0,11903000000.0,94000000.0,407350000000.0,292844000000.0,28059000000.0,24493000000.0,,44552000000.0,28848000000.0,40860000000.0,12012000000.0,
GOOGL,2023-12-31,86310000000.0,20687000000.0,48735000000.0,23697000000.0,26044000000.0,12113000000.0,69000000.0,402392000000.0,283379000000.0,27121000000.0,24048000000.0,,47964000000.0,18915000000.0,29934000000.0,11019000000.0,
GOOGL,2023-09-30,76693000000.0,19689000000.0,43464000000.0,21343000000.0,24484000000.0,11258000000.0,116000000.0,396711000000.0,273202000000.0,29046000000.0,30702000000.0,2957000000.0,41020000000.0,30656000000.0,38711000000.0,8055000000.0,
GOOGL,2023-06-30,74604000000.0,18368000000.0,42688000000.0,21838000000.0,24770000000.0,10588000000.0,43000000.0,383044000000.0,267141000000.0,26451000000.0,25929000000.0,2231000000.0,38804000000.0,28666000000.0,35554000000.0,6888000000.0,31000000.0
GOOGL,2023-03-31,69787000000.0,15051000000.0,39175000000.0,17415000000.0,20920000000.0,11468000000.0,80000000.0,369491000000.0,260894000000.0,29121000000.0,25924000000.0,2315000000.0,36036000000.0,23509000000.0,29798000000.0,6289000000.0,3995000000.0
GOOGL,2022-12-31,76048000000.0,13624000000.0,40706000000.0,18160000000.0,21438000000.0,10267000000.0,90000000.0,365264000000.0,256144000000.0,29679000000.0,21879000000.0,2670000000.0,40258000000.0,23614000000.0,31209000000.0,7595000000.0,-242000000.0
GOOGL,2022-09-30,69092000000.0,13910000000.0,37934000000.0,17135000000.0,20380000000.0,10273000000.0,101000000.0,358255000000.0,253626000000.0,28922000000.0,21984000000.0,3156000000.0,36176000000.0,23353000000.0,30629000000.0,7276000000.0,4423000000.0
GOOGL,2022-06-30,69685000000.0,16002000000.0,39581000000.0,19453000000.0,22996000000.0,9841000000.0,83000000.0,355185000000.0,255419000000.0,28728000000.0,17936000000.0,1980000000.0,37073000000.0,19422000000.0,26250000000.0,6828000000.0,-2582000000.0
GOOGL,2022-03-31,68011000000.0,16436000000.0,38412000000.0,20094000000.0,22799000000.0,9119000000.0,83000000.0,357096000000.0,254004000000.0,28421000000.0,20886000000.0,1369000000.0,35622000000.0,25106000000.0,34892000000.0,9786000000.0,-159000000.0
GOOGL,2021-12-31,75325000000.0,20642000000.0,42337000000.0,21885000000.0,27958000000.0,8708000000.0,117000000.0,359268000000.0,251635000000.0,28395000000.0,20945000000.0,1170000000.0,39304000000.0,24934000000.0,31317000000.0,6383000000.0,-2593000000.0
GOOGL,2021-09-30,65118000000.0,18936000000.0,37497000000.0,21031000000.0,26445000000.0,7694000000.0,77000000.0,347403000000.0,244567000000.0,27860000000.0,23719000000.0,1278000000.0,34800000000.0,25539000000.0,32358000000.0,6819000000.0,235000000.0
GOOGL,2021-06-30,61880000000.0,18525000000.0,35653000000.0,19361000000.0,25006000000.0,7675000000.0,76000000.0,335387000000.0,237565000000.0,27984000000.0,23630000000.0,907000000.0,32851000000.0,21890000000.0,27386000000.0,5496000000.0,-3175000000.0
GOOGL,2021-03-31,55314000000.0,17930000000.0,31211000000.0,16437000000.0,24112000000.0,7485000000.0,76000000.0,327095000000.0,230013000000.0,27157000000.0,26622000000.0,888000000.0,28499000000.0,19289000000.0,25231000000.0,5942000000.0,300000000.0
GOOGL,2020-12-31,56898000000.0,15227000000.0,30818000000.0,15651000000.0,22467000000.0,7022000000.0,53000000.0,319616000000.0,222544000000.0,26772000000.0,26465000000.0,728000000.0,31384000000.0,22677000000.0,28156000000.0,5479000000.0,6126000000.0
GOOGL,2020-09-30,46173000000.0,11247000000.0,25056000000.0,11213000000.0,16885000000.0,6856000000.0,48000000.0,299243000000.0,212920000000.0,26421000000.0,20129000000.0,835000000.0,25513000000.0,17003000000.0,22409000000.0,5406000000.0,2352000000.0
HEI,2025-04-30,1097820000.0,156793000.0,437804000.0,248152000.0,297665000.0,,32865000.0,8092176000.0,3967551000.0,2278151000.0,242309000.0,1244497000.0,716087000.0,204695000.0,220659000.0,15964000.0,
HEI,2025-01-31,1030222000.0,167955000.0,405662000.0,226805000.0,273949000.0,,32458000.0,7890711000.0,3746527000.0,2353631000.0,165467000.0,1218711000.0,641481000.0,203034000.0,220369000.0,17335000.0,
HEI,2024-10-31,1013665000.0,139688000.0,393892000.0,218646000.0,218646000.0,,35406000.0,7592822000.0,3636877000.0,2252796000.0,162103000.0,1170949000.0,650722000.0,205623000.0,221709000.0,16086000.0,
HEI,2024-07-31,992246000.0,136577000.0,389270000.0,216446000.0,261415000.0,29779000.0,36788000.0,7422436000.0,3539976000.0,2259097000.0,202940000.0,1124765000.0,630162000.0,213955000.0,229805000.0,15850000.0,
HEI,2024-04-30,955395000.0,123146000.0,399730000.0,208977000.0,251984000.0,27935000.0,38512000.0,7365845000.0,3389427000.0,2389649000.0,204161000.0,1088101000.0,614520000.0,141140000.0,154088000.0,12948000.0,
HEI,2024-01-31,896363000.0,114698000.0,371865000.0,181588000.0,229810000.0,25096000.0,38607000.0,7336069000.0,3266438000.0,2500465000.0,196323000.0,1068735000.0,580585000.0,111652000.0,125029000.0,13377000.0,
HEI,2023-10-31,936447000.0,103426000.0,364443000.0,189448000.0,234216000.0,27274000.0,43423000.0,7195063000.0,3193151000.0,2478078000.0,171048000.0,1013680000.0,620777000.0,148378000.0,163636000.0,15258000.0,
HEI,2023-07-31,722902000.0,102023000.0,278734000.0,149367000.0,179804000.0,25365000.0,12120000.0,5453302000.0,2959196000.0,1215261000.0,694263000.0,731966000.0,458323000.0,145921000.0,158176000.0,12255000.0,566838000.0
HEI,2023-04-30,687841000.0,105120000.0,266512000.0,157090000.0,187157000.0,22896000.0,11373000.0,4870199000.0,2817890000.0,754639000.0,127161000.0,721569000.0,464505000.0,77750000.0,88825000.0,11075000.0,-16470000.0
HEI,2023-01-31,620915000.0,93027000.0,243799000.0,129434000.0,157133000.0,20238000.0,6068000.0,4804620000.0,2744174000.0,782789000.0,142619000.0,697495000.0,427304000.0,76686000.0,87532000.0,10846000.0,-119000.0
HEI,2022-10-31,609638000.0,97204000.0,240383000.0,146498000.0,172185000.0,20257000.0,3205000.0,4095496000.0,2648306000.0,290274000.0,139504000.0,582471000.0,388826000.0,143946000.0,151571000.0,7625000.0,
HEI,2022-07-31,569528000.0,82540000.0,220937000.0,128747000.0,152711000.0,18657000.0,1406000.0,3787351000.0,2491984000.0,245757000.0,133605000.0,545943000.0,359685000.0,149157000.0,157303000.0,8146000.0,
HEI,2022-04-30,538813000.0,85010000.0,211229000.0,122777000.0,146576000.0,18751000.0,979000.0,3685333000.0,2420474000.0,265876000.0,117318000.0,519498000.0,349448000.0,96773000.0,104293000.0,7520000.0,-3827000.0
HEI,2022-01-31,490343000.0,86921000.0,190210000.0,98822000.0,122270000.0,18396000.0,796000.0,3513895000.0,2342056000.0,237134000.0,124818000.0,503506000.0,310066000.0,77980000.0,86671000.0,8691000.0,16520000.0
HEI,2021-10-31,509422000.0,111600000.0,204499000.0,115029000.0,143170000.0,16698000.0,13533000.0,3498407000.0,2296939000.0,236498000.0,108298000.0,478050000.0,324992000.0,109981000.0,116040000.0,6059000.0,-161518000.0
HEI,2021-07-31,471707000.0,76889000.0,184717000.0,100838000.0,117103000.0,17976000.0,1717000.0,3461635000.0,2220086000.0,386873000.0,269816000.0,457172000.0,271401000.0,123991000.0,132177000.0,8186000.0,-115628000.0
HEI,2021-04-30,466651000.0,70673000.0,179773000.0,96748000.0,114172000.0,18022000.0,2083000.0,3595168000.0,2159890000.0,584463000.0,385444000.0,462586000.0,275617000.0,102913000.0,109342000.0,6429000.0,-13959000.0
HEI,2021-01-31,417902000.0,70596000.0,158434000.0,80285000.0,98347000.0,16181000.0,2448000.0,3565584000.0,2080159000.0,669684000.0,399403000.0,462854000.0,260194000.0,107199000.0,122708000.0,15509000.0,-7449000.0
HEI,2020-10-31,426178000.0,62327000.0,161707000.0,89063000.0,107585000.0,16591000.0,2515000.0,3547711000.0,2010607000.0,739831000.0,406852000.0,463205000.0,270862000.0,110154000.0,115622000.0,5468000.0,215030000.0
HEI,2020-07-31,386410000.0,54316000.0,143483000.0,68434000.0,87760000.0,15113000.0,2602000.0,3423250000.0,1952212000.0,740089000.0,395278000.0,473104000.0,240247000.0,93089000.0,98126000.0,5037000.0,52527000.0
HOOD,2025-06-30,989000000.0,386000000.0,913000000.0,363000000.0,363000000.0,214000000.0,,35324000000.0,8072000000.0,,4162000000.0,,9685000000.0,3509000000.0,3517000000.0,8000000.0,
HOOD,2025-03-31,927000000.0,336000000.0,793000000.0,372000000.0,392000000.0,214000000.0,,27517000000.0,7953000000.0,,4416000000.0,,9167000000.0,642000000.0,644000000.0,2000000.0,
HOOD,2024-12-31,1014000000.0,916000000.0,870000000.0,558000000.0,580000000.0,208000000.0,,26187000000.0,7972000000.0,7463000000.0,4332000000.0,,8710000000.0,-1400000000.0,-1396000000.0,4000000.0,
HOOD,2024-09-30,637000000.0,150000000.0,516000000.0,151000000.0,171000000.0,205000000.0,,43245000000.0,7208000000.0,7306000000.0,4611000000.0,-225000000.0,5685000000.0,1812000000.0,1831000000.0,19000000.0,
HOOD,2024-06-30,682000000.0,188000000.0,559000000.0,189000000.0,207000000.0,209000000.0,,41346000000.0,7122000000.0,5091000000.0,4524000000.0,-31598000000.0,5189000000.0,54000000.0,61000000.0,7000000.0,
HOOD,2024-03-31,618000000.0,157000000.0,502000000.0,160000000.0,177000000.0,196000000.0,,46088000000.0,6885000000.0,4215000000.0,4717000000.0,483000000.0,4510000000.0,-623000000.0,-614000000.0,9000000.0,
HOOD,2023-12-31,471000000.0,30000000.0,368000000.0,30000000.0,47000000.0,197000000.0,17000000.0,17624000000.0,6696000000.0,3547000000.0,4835000000.0,,3584000000.0,1056000000.0,1062000000.0,6000000.0,
HOOD,2023-09-30,467000000.0,-85000000.0,354000000.0,-67000000.0,-54000000.0,202000000.0,6000000.0,26318000000.0,6574000000.0,3245000000.0,4889000000.0,3798000000.0,3767000000.0,-986000000.0,-980000000.0,6000000.0,
HOOD,2023-06-30,486000000.0,25000000.0,364000000.0,20000000.0,35000000.0,207000000.0,5000000.0,28660000000.0,7187000000.0,2982000000.0,5829000000.0,4531000000.0,3430000000.0,113000000.0,117000000.0,4000000.0,376000000.0
HOOD,2023-03-31,441000000.0,-511000000.0,327000000.0,-501000000.0,-481000000.0,199000000.0,6000000.0,27785000000.0,7046000000.0,2609000000.0,5459000000.0,-2553000000.0,3264000000.0,828000000.0,833000000.0,5000000.0,336000000.0
HOOD,2022-12-31,380000000.0,-166000000.0,225000000.0,-180000000.0,-163000000.0,183000000.0,6000000.0,23337000000.0,6956000000.0,1834000000.0,6339000000.0,3267000000.0,3294000000.0,181000000.0,191000000.0,10000000.0,
HOOD,2022-09-30,361000000.0,-175000000.0,224000000.0,-127000000.0,-112000000.0,185000000.0,6000000.0,24601000000.0,6954000000.0,1583000000.0,6187000000.0,3235000000.0,4121000000.0,-207000000.0,-193000000.0,14000000.0,-219000000.0
HOOD,2022-06-30,318000000.0,-295000000.0,176000000.0,-292000000.0,-275000000.0,245000000.0,2000000.0,24548000000.0,7017000000.0,1521000000.0,5962000000.0,-9000000.0,4235000000.0,-1263000000.0,-1251000000.0,12000000.0,-1288000000.0
HOOD,2022-03-31,299000000.0,-392000000.0,153000000.0,-379000000.0,-367000000.0,268000000.0,,18872000000.0,7131000000.0,2334000000.0,6191000000.0,4827000000.0,5339000000.0,437000000.0,458000000.0,21000000.0,403000000.0
HOOD,2021-12-31,362713000.0,-423267000.0,229508000.0,-483485000.0,-473724000.0,280420000.0,2799000.0,19769000000.0,7293000000.0,3651000000.0,6253000000.0,-42130000.0,6727000000.0,-275632000.0,-250705000.0,24927000.0,
HOOD,2021-09-30,365000000.0,-1317000000.0,226000000.0,-1343000000.0,-1335000000.0,679000000.0,,19317368000.0,7384582000.0,3129650000.0,6166705000.0,4784519000.0,6224459000.0,-1008262000.0,-977398000.0,30864000.0,
HOOD,2021-06-30,565000000.0,-502000000.0,444000000.0,64000000.0,69000000.0,156000000.0,,18088582000.0,-1984764000.0,7832683000.0,5077752000.0,5714210000.0,5633435000.0,2281317000.0,2297817000.0,16500000.0,
HOOD,2021-03-31,522000000.0,-1445000000.0,425000000.0,58000000.0,62000000.0,117000000.0,2799000.0,15104493000.0,-1485186000.0,6706216000.0,4794546000.0,3418307000.0,5542535000.0,-1882196000.0,-1870834000.0,11362000.0,
HOOD,2020-12-31,317542000.0,13028000.0,248864000.0,65032000.0,68398000.0,81963000.0,,10988474000.0,-55322000.0,1921118000.0,1402629000.0,5168803000.0,3478643000.0,346706000.0,355746000.0,9040000.0,
HOOD,2020-09-30,269530000.0,-10661000.0,205909000.0,54712000.0,57371000.0,55491000.0,,10988474000.0,-55322000.0,,1402629000.0,,3354142000.0,-533615000.0,-526587000.0,7028000.0,
IREN,2025-03-31,144823000.0,24227000.0,137359000.0,35527000.0,84583000.0,,7868000.0,1989755000.0,1425567000.0,324075000.0,184333000.0,,21013000.0,-48012000.0,395792000.0,443804000.0,
IREN,2024-12-31,117548000.0,18878000.0,110563000.0,31099000.0,64325000.0,,6253000.0,1852082000.0,1286271000.0,319908000.0,427273000.0,,26459000.0,-59803000.0,127759000.0,187562000.0,
IREN,2024-09-30,54390000.0,-51707000.0,46669000.0,-53841000.0,-16353000.0,,63000.0,1281211000.0,1129548000.0,2600000.0,98589000.0,,23918000.0,-53391000.0,329998000.0,383389000.0,
IREN,2024-06-30,56798000.0,-27066000.0,47439000.0,-22719000.0,2000.0,,63000.0,1153033000.0,1097351000.0,1655000.0,404601000.0,,29367000.0,4827000.0,301434000.0,296607000.0,
IREN,2024-03-31,53950000.0,8638000.0,13178000.0,6623000.0,20929000.0,,126000.0,723603000.0,677240000.0,1717000.0,259695000.0,-3425000.0,35867000.0,26823868.0,146748320.0,119924452.0,
IREN,2023-12-31,42047000.0,-5228000.0,13409000.0,-2704000.0,1295000.0,,30000.0,417167000.0,381848000.0,1359000.0,90307000.0,-1280000.0,5689000.0,10623000.0,42630500.0,32007500.0,
IREN,2023-09-30,38485500.0,-5263500.0,34230000.0,-6310500.0,1278000.0,,30000.0,417167000.0,305361000.0,1359000.0,-68894000.0,-1280000.0,5689000.0,10623000.0,42630500.0,32007500.0,
IREN,2023-06-30,34215000.0,-6924000.0,27456000.0,-9641000.0,-3136000.0,,136000.0,332074000.0,305361000.0,1448000.0,68894000.0,-6543000.0,6543000.0,6154000.0,28598000.0,22444000.0,
IREN,2023-03-31,11327000.0,-3053000.0,8857000.0,-5222000.0,-2950000.0,,2311000.0,332074000.0,305361000.0,1256000.0,68894000.0,,4962000.0,6154000.0,35118000.0,28964000.0,
IREN,2022-12-31,8618000.0,-143954000.0,1256000.0,-38084000.0,-122471000.0,,10350000.0,411955000.0,270123000.0,111979000.0,40661000.0,,2574000.0,-3131500.0,29196500.0,32328000.0,
IREN,2022-09-30,14983500.0,-80947000.0,10652500.0,-14339000.0,-4841000.0,,,,437362000.0,,-109970000.0,,,-3131500.0,29196500.0,32328000.0,
IREN,2022-06-30,16210071.0,-17726421.0,12445411.0,-8634735.0,-4879978.0,,1632298.0,570460000.0,437362000.0,108206000.0,109970000.0,,23654000.0,8420028.0,80799846.0,72379818.0,
IREN,2022-03-31,15146299.0,-2673052.0,13695278.0,1177879.0,-2436427.17,,1385679.0,556167776.0,458282571.0,84881388.0,157662949.0,2.0,18764013.0,4541644.0,128102970.0,123561326.0,
IREN,2021-12-31,20147000.0,70323000.0,18837000.0,5560000.0,6784460.0,,14013000.0,495939795.0,447301680.0,32035918.0,255688213.0,,4079073.0,71600168.18,120669837.74000001,49069669.56,
IREN,2021-09-30,10432000.0,-489090000.0,9260000.0,3013000.0,3726458.0,,14066435.0,252671302.0,-536975952.0,208179053.0,85872809.0,,2224566.0,-487053741.22,-422382725.88,64671015.34,
IREN,2021-06-30,2987792.0,-59316026.06,2177595.0,-604081.94,-2401528.9,,12442061.0,134880837.0,-49480825.87,84033329.0,39080813.0,1.0,795666.29,-59316026.06,-39162852.75,20153173.31,
IREN,2021-03-31,2785322.0,501373.0,2099833.0,1121432.0,1094804.0,,1902783.0,,,,,,1059000.0,1970375.0,53591262.32,51620887.32,
IREN,2020-12-31,1223253.0,-1303983.45,651223.0,-229888.59,145314.0,,111484.0,33401696.0,7706245.0,24072474.0,15090208.0,,,-37779.49,8677858.33,8715637.82,
IREN,2020-09-30,802205.0,-379315.52,240018.0,-613619.64,101436.0,,42860.0,,9136597.0,,-2039661.78,,,121557.0,855186.07,733629.07,
IREN,2020-06-30,860888.0,-753063.0,541388.0,-559477.0,-303682.0,,,11573000.0,8818000.0,1961000.0,1956000.0,,,-308468.0,162755.0,471223.0,
JBL,2025-05-31,7828000000.0,222000000.0,681000000.0,403000000.0,-158000000.0,7000000.0,75000000.0,18587000000.0,1285000000.0,3330000000.0,1523000000.0,4772000000.0,4004000000.0,406000000.0,492000000.0,86000000.0,
JBL,2025-02-28,6728000000.0,117000000.0,576000000.0,245000000.0,411000000.0,7000000.0,37000000.0,17396000000.0,1358000000.0,3293000000.0,1592000000.0,4435000000.0,4768000000.0,334000000.0,450000000.0,116000000.0,
JBL,2024-11-30,6994000000.0,100000000.0,606000000.0,197000000.0,359000000.0,8000000.0,38000000.0,17771000000.0,1593000000.0,3279000000.0,2058000000.0,4320000000.0,4821000000.0,312000000.0,409000000.0,97000000.0,
JBL,2024-08-31,6964000000.0,138000000.0,663000000.0,318000000.0,434000000.0,10000000.0,41000000.0,17351000000.0,1737000000.0,3257000000.0,2201000000.0,4276000000.0,4604000000.0,535000000.0,659000000.0,124000000.0,
JBL,2024-05-31,6765000000.0,129000000.0,597000000.0,261000000.0,440000000.0,9000000.0,38000000.0,17449000000.0,2276000000.0,3260000000.0,2457000000.0,4439000000.0,4503000000.0,515000000.0,621000000.0,106000000.0,
JBL,2024-02-29,6767000000.0,927000000.0,633000000.0,1131000000.0,456000000.0,10000000.0,47000000.0,17123000000.0,2658000000.0,3252000000.0,2566000000.0,4821000000.0,3734000000.0,218000000.0,484000000.0,266000000.0,
JBL,2023-11-30,8387000000.0,194000000.0,775000000.0,303000000.0,488000000.0,10000000.0,47000000.0,19414000000.0,2535000000.0,3241000000.0,1550000000.0,5124000000.0,4783000000.0,448000000.0,736000000.0,288000000.0,
JBL,2023-08-31,8458000000.0,155000000.0,766000000.0,441000000.0,532000000.0,9000000.0,4000000.0,19424000000.0,2866000000.0,3248000000.0,1804000000.0,5206000000.0,4682000000.0,686000000.0,856000000.0,170000000.0,
JBL,2023-05-31,8475000000.0,233000000.0,697000000.0,375000000.0,617000000.0,8000000.0,69000000.0,19436000000.0,2736000000.0,3686000000.0,1480000000.0,6084000000.0,4772000000.0,468000000.0,691000000.0,223000000.0,
JBL,2023-02-28,8134000000.0,207000000.0,661000000.0,359000000.0,593000000.0,8000000.0,55000000.0,19567000000.0,2673000000.0,3433000000.0,1200000000.0,6519000000.0,4890000000.0,414000000.0,737000000.0,323000000.0,-24000000.0
JBL,2022-11-30,9635000000.0,223000000.0,743000000.0,362000000.0,610000000.0,9000000.0,48000000.0,20506000000.0,2529000000.0,3426000000.0,1217000000.0,6429000000.0,5780000000.0,166000000.0,480000000.0,314000000.0,-251000000.0
JBL,2022-08-31,9030000000.0,315000000.0,729000000.0,409000000.0,585000000.0,8000000.0,46000000.0,19717000000.0,2451000000.0,3411000000.0,1478000000.0,6128000000.0,5191000000.0,906000000.0,1223000000.0,317000000.0,415000000.0
JBL,2022-05-31,8328000000.0,218000000.0,619000000.0,321000000.0,569000000.0,8000000.0,39000000.0,18171000000.0,2356000000.0,3395000000.0,1070000000.0,5981000000.0,4469000000.0,545000000.0,909000000.0,364000000.0,-37000000.0
JBL,2022-02-28,7553000000.0,222000000.0,609000000.0,313000000.0,575000000.0,8000000.0,33000000.0,17430000000.0,2337000000.0,3396000000.0,1093000000.0,5395000000.0,4465000000.0,246000000.0,669000000.0,423000000.0,-146000000.0
JBL,2021-11-30,8567000000.0,241000000.0,675000000.0,350000000.0,619000000.0,9000000.0,33000000.0,17588000000.0,2206000000.0,3393000000.0,1229000000.0,4681000000.0,5050000000.0,-46000000.0,235000000.0,281000000.0,-327000000.0
JBL,2021-08-31,7409000000.0,175000000.0,587000000.0,265000000.0,500683000.0,7000000.0,32825000.0,16654000000.0,2136000000.0,3319000000.0,1567000000.0,4414000000.0,4139000000.0,762140000.0,1043120000.0,280980000.0,319513000.0
JBL,2021-05-31,7214645000.0,169480000.0,567800000.0,239774000.0,470611000.0,9657000.0,34000000.0,15740708000.0,2138011000.0,3343620000.0,1240729000.0,3979329000.0,4298233000.0,584915000.0,801782000.0,216867000.0,399986000.0
JBL,2021-02-28,6828546000.0,151654000.0,569925000.0,236350000.0,455024000.0,9368000.0,31000000.0,14494163000.0,2089161000.0,3146723000.0,838099000.0,3558970000.0,4056105000.0,20485000.0,328757000.0,308272000.0,-264693000.0
JBL,2020-11-30,7832529000.0,200442000.0,634560000.0,313950000.0,524336000.0,8118000.0,32000000.0,15269478000.0,1979371000.0,3172729000.0,1107573000.0,3271842000.0,4739928000.0,65460000.0,418341000.0,352881000.0,-285806000.0
JBL,2020-08-31,7300015000.0,67731000.0,490701000.0,197053000.0,350047000.0,10496000.0,40910000.0,14397416000.0,1811384000.0,3141240000.0,1393557000.0,3131783000.0,3953000000.0,686549000.0,1020639000.0,334090000.0,639368000.0
JPM,2025-06-30,69944000000.0,14987000000.0,42063000000.0,18284000000.0,20314000000.0,,25032000000.0,4552482000000.0,356924000000.0,485095000000.0,420327000000.0,,124463000000.0,,,,
JPM,2025-03-31,68907000000.0,14643000000.0,42005000000.0,18408000000.0,20438000000.0,2578000000.0,23580000000.0,4357856000000.0,351420000000.0,1005250000000.0,425903000000.0,,117845000000.0,-251839000000.0,-251839000000.0,0.0,
JPM,2024-12-31,67007000000.0,14005000000.0,40137000000.0,17375000000.0,19340000000.0,,24216000000.0,4002814000000.0,344758000000.0,751146000000.0,469317000000.0,,101223000000.0,147758000000.0,147758000000.0,0.0,
JPM,2024-09-30,69667000000.0,12898000000.0,39543000000.0,16978000000.0,18945000000.0,,27011000000.0,4210048000000.0,345836000000.0,850132000000.0,434260000000.0,-1987569000000.0,122565000000.0,-74081000000.0,-74081000000.0,0.0,
JPM,2024-06-30,67835000000.0,18149000000.0,39039000000.0,23435000000.0,25437000000.0,,25767000000.0,4143003000000.0,340552000000.0,842168000000.0,530819000000.0,706476000000.0,135692000000.0,38469000000.0,38469000000.0,0.0,
JPM,2024-03-31,66264000000.0,13419000000.0,40050000000.0,17293000000.0,19297000000.0,,24356000000.0,4090727000000.0,336637000000.0,767810000000.0,562116000000.0,-13842037800000.0,129823000000.0,-154158000000.0,-154158000000.0,0.0,
JPM,2023-12-31,61933000000.0,9307000000.0,35849000000.0,11326000000.0,14663000000.0,,23333000000.0,3875393000000.0,327878000000.0,653072000000.0,624151000000.0,-1856346000000.0,107363000000.0,60231000000.0,60231000000.0,0.0,
JPM,2023-09-30,61591000000.0,13151000000.0,38390000000.0,16733000000.0,18752000000.0,,21830000000.0,3898333000000.0,317371000000.0,677013000000.0,511369000000.0,-1779732000000.0,127752000000.0,45119000000.0,45119000000.0,0.0,
JPM,2023-06-30,58447000000.0,14472000000.0,35696000000.0,17586000000.0,18093000000.0,,19865000000.0,3868240000000.0,312516000000.0,671372000000.0,495123000000.0,-1733114000000.0,111561000000.0,18865000000.0,28785000000.0,9920000000.0,-49293000000.0
JPM,2023-03-31,54641000000.0,12622000000.0,36074000000.0,15967000000.0,17616000000.0,,16293000000.0,3744305000000.0,303082000000.0,584126000000.0,546000000000.0,-1753431000000.0,115316000000.0,-111241000000.0,-111241000000.0,0.0,-22890000000.0
JPM,2022-12-31,34547000000.0,11008000000.0,32259000000.0,11155000000.0,12826000000.0,,12862000000.0,3665743000000.0,292332000000.0,542505000000.0,567234000000.0,-1647386000000.0,125189000000.0,101222000000.0,101222000000.0,0.0,-92652000000.0
JPM,2022-09-30,40795000000.0,9737000000.0,31179000000.0,12001000000.0,13772000000.0,,8093000000.0,3773884000000.0,288018000000.0,575278000000.0,644187000000.0,-1705380000000.0,143905000000.0,-18204000000.0,-18204000000.0,0.0,-11565000000.0
JPM,2022-06-30,34227000000.0,8649000000.0,29614000000.0,10865000000.0,12654000000.0,,3518000000.0,3841314000000.0,286143000000.0,569353000000.0,669260000000.0,-1886356000000.0,145442000000.0,66018000000.0,66018000000.0,0.0,-70987000000.0
JPM,2022-03-31,32342000000.0,8282000000.0,29254000000.0,10063000000.0,11883000000.0,,1624000000.0,3954687000000.0,285899000000.0,574683000000.0,754532000000.0,-2018856000000.0,152207000000.0,-41917000000.0,-41917000000.0,0.0,18247000000.0
JPM,2021-12-31,30706000000.0,10399000000.0,30545000000.0,12657000000.0,14588000000.0,,1418000000.0,3743567000000.0,294127000000.0,548939000000.0,740834000000.0,-1802042000000.0,102570000000.0,85095000000.0,85095000000.0,0.0,-17085000000.0
JPM,2021-09-30,31061000000.0,11687000000.0,31174000000.0,14111000000.0,16039000000.0,,1400000000.0,3757576000000.0,290041000000.0,603778000000.0,759869000000.0,-2665841000000.0,116395000000.0,25617000000.0,25617000000.0,0.0,58103000000.0
JPM,2021-06-30,31839000000.0,11948000000.0,32764000000.0,15097000000.0,17100000000.0,,1353000000.0,3684256000000.0,286386000000.0,597301000000.0,705421000000.0,-2517200000000.0,125253000000.0,13530000000.0,13530000000.0,0.0,-6715000000.0
JPM,2021-03-31,33632000000.0,14300000000.0,36422000000.0,17697000000.0,19767000000.0,,1382000000.0,3689336000000.0,280714000000.0,638424000000.0,711072000000.0,551000000.0,114754000000.0,-43872000000.0,-43872000000.0,0.0,190430000000.0
JPM,2020-12-31,30558000000.0,12136000000.0,31113000000.0,15065000000.0,17192000000.0,,1292000000.0,3384757000000.0,279354000000.0,542102000000.0,527609000000.0,333000000.0,90503000000.0,-28052000000.0,-28052000000.0,0.0,34200000000.0
JPM,2020-09-30,30845000000.0,9443000000.0,28644000000.0,11769000000.0,13910000000.0,,1687000000.0,3246076000000.0,271113000000.0,557607000000.0,487522000000.0,197000000.0,76945000000.0,-14688000000.0,-14688000000.0,0.0,-10164000000.0
KLAC,2025-06-30,3174741000.0,1202849000.0,1967455000.0,1351760000.0,1351760000.0,352989000.0,73125000.0,16067926000.0,4692453000.0,5884257000.0,2078908000.0,3212149000.0,2263915000.0,1164991000.0,1265399000.0,100408000.0,
KLAC,2025-03-31,3063029000.0,1088416000.0,1887340000.0,1300392000.0,1300392000.0,338043000.0,71889000.0,15188307000.0,4004739000.0,6089173000.0,1858022000.0,3155777000.0,2311738000.0,1072159000.0,1154294000.0,82135000.0,
KLAC,2024-12-31,3076851000.0,824527000.0,1855390000.0,1242152000.0,1242152000.0,346157000.0,74981000.0,15001696000.0,3584549000.0,6072613000.0,1838278000.0,3046340000.0,2334977000.0,849515000.0,941838000.0,92323000.0,
KLAC,2024-09-30,2841541000.0,945851000.0,1694110000.0,1119923000.0,1257628000.0,323145000.0,82171000.0,15681737000.0,3559714000.0,6826095000.0,1977202000.0,3109837000.0,2024563000.0,995238000.0,1055631000.0,60393000.0,
KLAC,2024-06-30,2566232000.0,836446000.0,1592177000.0,1052523999.0,1128880000.0,323529000.0,82836000.0,15433566000.0,3368328000.0,6819643000.0,1977129000.0,3034781000.0,1902300000.0,892615000.0,953360000.0,60745000.0,
KLAC,2024-03-31,2355391000.0,601541000.0,1392222000.0,848334000.0,881252000.0,321590000.0,79981000.0,14957289000.0,3094885000.0,6823686000.0,1848167000.0,3007053000.0,1712878000.0,909978000.0,981771000.0,71793000.0,
KLAC,2023-12-31,2486726000.0,582534000.0,1509980000.0,952318000.0,864535000.0,320418000.0,74202000.0,14280501000.0,3043711000.0,6084205000.0,1665054000.0,3038628000.0,1944822000.0,622242000.0,699043000.0,76801000.0,
KLAC,2023-09-30,2396956000.0,741375000.0,1450065000.0,899206000.0,1028348000.0,311214000.0,74234000.0,14136841000.0,2990217000.0,5891731000.0,1711570000.0,3007705000.0,1757417000.0,883740000.0,951785000.0,68045000.0,
KLAC,2023-06-30,2355137000.0,684654000.0,1392188000.0,824221000.0,953810000.0,317110000.0,73491000.0,14072357000.0,2919753000.0,5890736000.0,1927865000.0,2876784000.0,1935399000.0,-1751575000.0,-1672892000.0,78683000.0,373310000.0
KLAC,2023-03-31,2432608000.0,697837000.0,1427262000.0,860593000.0,980311000.0,328276000.0,74774000.0,13683549000.0,2682781000.0,5923262000.0,1568513000.0,2749743000.0,1940067000.0,1010855000.0,1095769000.0,84914000.0,-5073000.0
KLAC,2022-12-31,2983887000.0,978795000.0,1775101000.0,1199179000.0,1320761000.0,332826000.0,74280000.0,13729074000.0,2603260000.0,6145336000.0,1571477000.0,2535375000.0,2282925000.0,688290000.0,781932000.0,93642000.0,-263635000.0
KLAC,2022-09-30,2724424000.0,1025991000.0,1683198000.0,1110703000.0,1246361000.0,318515000.0,74395000.0,13123652000.0,2102074000.0,6343450000.0,1819280000.0,2408325000.0,1857320000.0,1011545000.0,1095897000.0,84352000.0,252343000.0
KLAC,2022-06-30,2486739000.0,805374000.0,1508175000.0,971945000.0,1094574000.0,296881000.0,44197000.0,12597088000.0,1401351000.0,6660718000.0,1584908000.0,2146889000.0,1926624000.0,-1674244000.0,-1601084000.0,73160000.0,190109000.0
KLAC,2022-03-31,2288676000.0,730572000.0,1396585000.0,894907000.0,978390000.0,285189000.0,39978000.0,12017812000.0,4080307000.0,3730957000.0,1415172000.0,1982297000.0,1618867000.0,818878000.0,919182000.0,100304000.0,-237019000.0
KLAC,2021-12-31,2352630000.0,717444000.0,1444468000.0,965958000.0,1050023000.0,265031000.0,37852000.0,11680237000.0,4048527000.0,3444106000.0,1657057000.0,1829412000.0,1825052000.0,810798000.0,875699000.0,64901000.0,146688000.0
KLAC,2021-09-30,2083838000.0,1068417000.0,1270214000.0,818800000.0,889484000.0,258153000.0,38312000.0,11146477000.0,3860930000.0,3443436000.0,1509564000.0,1715339000.0,1558851000.0,863797000.0,932752000.0,68955000.0,79461000.0
KLAC,2021-06-30,1925471000.0,632978000.0,1153230000.0,719780000.0,833181000.0,241428000.0,39970000.0,10271124000.0,3377554000.0,3442767000.0,1434610000.0,1575380000.0,1396531000.0,465622000.0,520997000.0,55375000.0,-20825000.0
KLAC,2021-03-31,1803773000.0,567496000.0,1094144000.0,672147000.0,763581000.0,238957000.0,39092000.0,9939240000.0,3114856000.0,3442097000.0,1452150000.0,1450588000.0,1301698000.0,646150000.0,707333000.0,61183000.0,30109000.0
KLAC,2020-12-31,1650870000.0,457251000.0,981137000.0,570164000.0,650260000.0,229064000.0,38880000.0,9814644000.0,2935182000.0,3461465000.0,1431466000.0,1420618000.0,1313564000.0,561081000.0,620225000.0,59144000.0,203812000.0
KLAC,2020-09-30,1538620000.0,420567000.0,918058000.0,526389000.0,603258000.0,219038000.0,39386000.0,9320096000.0,2747184000.0,3449821000.0,2043453000.0,1394225000.0,1028883000.0,512171000.0,568096000.0,55925000.0,-26355000.0
KNSA,2025-06-30,156797000.0,17832000.0,85763000.0,20160000.0,20160000.0,18753000.0,,661150000.0,495007000.0,9765000.0,192037000.0,48181000.0,31910000.0,28090000.0,28255000.0,165000.0,
KNSA,2025-03-31,137785000.0,8539000.0,76127000.0,13272000.0,13617000.0,19325000.0,,599326000.0,457489000.0,9915000.0,157132000.0,22069000.0,40065000.0,22324000.0,22423000.0,99000.0,
KNSA,2024-12-31,122536000.0,-8888000.0,184762000.0,-19299000.0,-18899000.0,35215000.0,,580553000.0,438436000.0,9855000.0,183581000.0,26364000.0,41724000.0,18770000.0,18963000.0,193000.0,
KNSA,2024-09-30,112214000.0,-12693000.0,62798000.0,-9658000.0,-9259000.0,26057000.0,,555298000.0,437006000.0,10595000.0,97376000.0,28680000.0,24888000.0,-2236000.0,-2236000.0,0.0,
KNSA,2024-06-30,108631000.0,-3908000.0,66176000.0,-117000.0,313000.0,23898000.0,,542428000.0,435095000.0,11402000.0,99271000.0,34858000.0,20451000.0,5168000.0,5168000.0,0.0,
KNSA,2024-03-31,79858000.0,-17704000.0,48320000.0,-16542000.0,-16076000.0,26180000.0,,519673000.0,431895000.0,12143000.0,141078000.0,27278000.0,15995000.0,3987000.0,4071000.0,84000.0,
KNSA,2023-12-31,83395000.0,25237000.0,56636000.0,81000.0,317000.0,19816000.0,1832000.0,526322000.0,438839000.0,12258000.0,107954000.0,31122000.0,21266000.0,4325000.0,4381000.0,56000.0,
KNSA,2023-09-30,67046000.0,-13855000.0,40647000.0,-10927000.0,-10324000.0,17106000.0,,483063000.0,-503187000.0,12964000.0,117828000.0,25583000.0,3041000.0,16986000.0,17002000.0,16000.0,
KNSA,2023-06-30,71473000.0,14972000.0,49788000.0,-3154000.0,-2552000.0,23767000.0,,484332000.0,-489332000.0,13521000.0,112567000.0,23958000.0,24650000.0,-3743000.0,-3709000.0,34000.0,31949000.0
KNSA,2023-03-31,48345000.0,-12270000.0,41309000.0,-11196000.0,-10600000.0,15172000.0,1832000.0,442862000.0,-504304000.0,5615000.0,80618000.0,23425000.0,7424000.0,-4267000.0,-4243000.0,24000.0,-42097000.0
KNSA,2022-12-31,61884000.0,4461000.0,47652000.0,6047000.0,7923000.0,14390000.0,794000.0,459672000.0,-492034000.0,5919000.0,122715000.0,21599000.0,20316000.0,-11576000.0,-11544000.0,32000.0,-53046000.0
KNSA,2022-09-30,99135000.0,224093000.0,87575000.0,46413000.0,46413000.0,16485000.0,322000.0,459953000.0,-496495000.0,6709000.0,175761000.0,14621000.0,11159000.0,62053000.0,62075000.0,22000.0,81454000.0
KNSA,2022-06-30,26972000.0,-19981000.0,21943000.0,-19368000.0,-18717000.0,13798000.0,103000.0,210576000.0,-720588000.0,4614000.0,94307000.0,19916000.0,7808000.0,-7824000.0,-7709000.0,115000.0,30983000.0
KNSA,2022-03-31,32189000.0,-25210000.0,27970000.0,-23251000.0,-22663000.0,20817000.0,34000.0,230965000.0,-700607000.0,5407000.0,63324000.0,13223000.0,29440000.0,-36846000.0,-36731000.0,115000.0,-59146000.0
KNSA,2021-12-31,18745000.0,-36333000.0,14878000.0,-36131000.0,-35463000.0,27433000.0,77000.0,232800000.0,185037000.0,6050000.0,122470000.0,3675000.0,3985000.0,-18884000.0,-18633000.0,251000.0,-67713000.0
KNSA,2021-09-30,12095000.0,-30544000.0,9328000.0,-30667000.0,-30009000.0,19236000.0,5000.0,252859000.0,214048000.0,6745000.0,190183000.0,5606000.0,3224000.0,-28509000.0,-28458000.0,51000.0,22020000.0
KNSA,2021-06-30,7704000.0,-41563000.0,5238000.0,-40555000.0,-39838000.0,23945000.0,6000.0,279208000.0,235785000.0,6136000.0,167953000.0,6381000.0,2551000.0,-38783000.0,-38724000.0,59000.0,48097000.0
KNSA,2021-03-31,0.0,-49484000.0,-883000.0,-49283000.0,-48971000.0,28683000.0,9000.0,311158000.0,270696000.0,6574000.0,119856000.0,2189000.0,210000.0,-40122000.0,-20068000.0,20054000.0,5818000.0
KNSA,2020-12-31,0.0,-53657000.0,,-52898000.0,-52331000.0,37398000.0,30000.0,349464000.0,311935000.0,6985000.0,114038000.0,,,-41191000.0,-41136000.0,55000.0,28164000.0
KNSA,2020-09-30,0.0,-43836000.0,,-43218000.0,-42569000.0,31419000.0,49000.0,384413000.0,358509000.0,1547000.0,85874000.0,,,-34321000.0,-34316000.0,5000.0,-37582000.0
LIF,2025-03-31,103624000.0,4378000.0,83549000.0,2189000.0,5135000.0,30403000.0,,455422000.0,376280000.0,263000.0,168852000.0,9571000.0,55536000.0,12060000.0,13582000.0,1522000.0,
LIF,2024-12-31,115529000.0,8498000.0,85506000.0,5717000.0,8521000.0,29788000.0,,441580000.0,358545000.0,359000.0,159238000.0,8057000.0,61522000.0,12323000.0,14164000.0,1841000.0,
LIF,2024-09-30,92865000.0,7689000.0,70012000.0,-4951000.0,-2470000.0,29012000.0,,427387000.0,339691000.0,809000.0,158980000.0,13788000.0,49831000.0,6349000.0,7317000.0,968000.0,
LIF,2024-06-30,84863000.0,-10964000.0,63626000.0,-2363000.0,85000.0,27013000.0,,405939000.0,326716000.0,893000.0,160793000.0,5545000.0,40626000.0,3252000.0,4486000.0,1234000.0,
LIF,2024-03-31,78227000.0,-9777000.0,60013000.0,-6379000.0,-4003000.0,27258000.0,,318776000.0,239840000.0,6194000.0,73401000.0,6338000.0,37539000.0,10688000.0,11777000.0,1089000.0,
LIF,2023-12-31,86963000.0,-3146000.0,60139000.0,-4341000.0,-1892000.0,26017000.0,,321717000.0,247064000.0,5563000.0,68964000.0,4099000.0,42834000.0,8958000.0,9921000.0,963000.0,
LIF,2023-09-30,78624000.0,-6541000.0,57885000.0,-6507000.0,-3982000.0,24569000.0,,316412000.0,240308000.0,5692000.0,61848000.0,10936000.0,39731000.0,4094000.0,4461000.0,367000.0,
LIF,2023-06-30,70788000.0,-4413000.0,54783000.0,-4243000.0,-1507000.0,23182000.0,,311807000.0,237713000.0,9452000.0,62404000.0,10390000.0,33468000.0,3671000.0,4188000.0,517000.0,
LIF,2023-03-31,68143000.0,-14071000.0,49830000.0,-14892000.0,-12619000.0,27197000.0,,321128000.0,234820000.0,8257000.0,61394000.0,8797000.0,30980000.0,-9199000.0,-8825000.0,374000.0,
LIF,2022-12-31,71338000.0,-12303000.0,44952000.0,-12712000.0,-10344000.0,25143000.0,,339630000.0,244538000.0,7573000.0,75444000.0,10826000.0,33125000.0,-2158000.0,-2158000.0,0.0,
LIF,2022-09-30,57153000.0,-21119000.0,39240000.0,-26403000.0,-18795000.0,24569000.0,,308252000.0,215462000.0,7552000.0,43964000.0,15206000.0,23186000.0,-16369000.0,-16369000.0,0.0,
META,2025-06-30,47516000000.0,18337000000.0,39025000000.0,20441000000.0,24876000000.0,12942000000.0,241000000.0,294744000000.0,195070000000.0,49560000000.0,12005000000.0,,16561000000.0,25561000000.0,42099000000.0,16538000000.0,
META,2025-03-31,42314000000.0,16644000000.0,34742000000.0,17555000000.0,22522000000.0,12150000000.0,240000000.0,280213000000.0,185029000000.0,49519000000.0,28750000000.0,,14514000000.0,24026000000.0,36967000000.0,12941000000.0,
META,2024-12-31,48385000000.0,20838000000.0,39546000000.0,23364000000.0,28263000000.0,12180000000.0,251000000.0,276054000000.0,182637000000.0,49060000000.0,43889000000.0,,16994000000.0,27988000000.0,42413000000.0,14425000000.0,
META,2024-09-30,40589000000.0,15688000000.0,33214000000.0,17350000000.0,22057000000.0,11177000000.0,208000000.0,256408000000.0,164529000000.0,49047000000.0,43852000000.0,,14700000000.0,24724000000.0,32982000000.0,8258000000.0,
META,2024-06-30,39071000000.0,13465000000.0,31763000000.0,14847000000.0,18871000000.0,10537000000.0,128000000.0,230238000000.0,156763000000.0,37991000000.0,32045000000.0,,14505000000.0,19370000000.0,27543000000.0,8173000000.0,
META,2024-03-31,36455000000.0,12369000000.0,29815000000.0,13818000000.0,17684000000.0,9978000000.0,127000000.0,222844000000.0,149529000000.0,37633000000.0,32307000000.0,,13430000000.0,19246000000.0,25646000000.0,6400000000.0,
META,2023-12-31,40111000000.0,14017000000.0,32416000000.0,16384000000.0,19556000000.0,10517000000.0,424000000.0,229623000000.0,153168000000.0,37234000000.0,41862000000.0,,16169000000.0,19404000000.0,27069000000.0,7665000000.0,
META,2023-09-30,34146000000.0,11583000000.0,27936000000.0,13748000000.0,16607000000.0,9241000000.0,139000000.0,216274000000.0,142873000000.0,36217000000.0,36890000000.0,,12944000000.0,20402000000.0,26945000000.0,6543000000.0,
META,2023-06-30,31999000000.0,7788000000.0,26054000000.0,9392000000.0,12015000000.0,9344000000.0,116000000.0,206688000000.0,134033000000.0,36218000000.0,28785000000.0,,12511000000.0,17309000000.0,23525000000.0,6216000000.0,17398000000.0
META,2023-03-31,28645000000.0,5709000000.0,22537000000.0,7227000000.0,9751000000.0,9381000000.0,55000000.0,184491000000.0,124795000000.0,27575000000.0,11551000000.0,,11044000000.0,13998000000.0,20840000000.0,6842000000.0,-3261000000.0
META,2022-12-31,32165000000.0,4652000000.0,23829000000.0,6399000000.0,8775000000.0,9771000000.0,32000000.0,185727000000.0,125713000000.0,26591000000.0,14681000000.0,,13466000000.0,14511000000.0,23554000000.0,9043000000.0,-80000000.0
META,2022-09-30,27714000000.0,4395000000.0,21998000000.0,5664000000.0,7839000000.0,9170000000.0,77000000.0,178894000000.0,124094000000.0,25900000000.0,14308000000.0,,11227000000.0,9691000000.0,19066000000.0,9375000000.0,2138000000.0
META,2022-06-30,28822000000.0,6687000000.0,23630000000.0,8358000000.0,10337000000.0,8690000000.0,91000000.0,169779000000.0,125767000000.0,16067000000.0,12681000000.0,,11525000000.0,12197000000.0,19769000000.0,7572000000.0,-1326000000.0
META,2022-03-31,27908000000.0,7465000000.0,21903000000.0,8524000000.0,10680000000.0,7707000000.0,76000000.0,164218000000.0,123228000000.0,14053000000.0,14886000000.0,,11390000000.0,14076000000.0,19517000000.0,5441000000.0,-1363000000.0
META,2021-12-31,33671000000.0,10285000000.0,27323000000.0,12585000000.0,14599000000.0,7046000000.0,102000000.0,165987000000.0,124879000000.0,13873000000.0,16601000000.0,,14039000000.0,18104000000.0,23474000000.0,5370000000.0,2191000000.0
META,2021-09-30,29010000000.0,9194000000.0,23239000000.0,10423000000.0,12418000000.0,6316000000.0,120000000.0,169585000000.0,133360000000.0,12640000000.0,14496000000.0,,12088000000.0,14091000000.0,18404000000.0,4313000000.0,-1492000000.0
META,2021-06-30,29077000000.0,10394000000.0,23678000000.0,12367000000.0,14352000000.0,6096000000.0,121000000.0,170609000000.0,138227000000.0,12007000000.0,16186000000.0,,11698000000.0,13246000000.0,17858000000.0,4612000000.0,-3497000000.0
META,2021-03-31,26171000000.0,9497000000.0,21040000000.0,11378000000.0,13350000000.0,5197000000.0,118000000.0,163523000000.0,133657000000.0,11614000000.0,19513000000.0,,10276000000.0,12242000000.0,16514000000.0,4272000000.0,2183000000.0
META,2020-12-31,28072000000.0,11219000000.0,22862000000.0,12775000000.0,14638000000.0,5208000000.0,136000000.0,159316000000.0,128290000000.0,10654000000.0,17576000000.0,,11335000000.0,14040000000.0,18653000000.0,4613000000.0,5660000000.0
META,2020-09-30,21470000000.0,7846000000.0,17276000000.0,8040000000.0,9738000000.0,4763000000.0,146000000.0,146437000000.0,117731000000.0,10616000000.0,11617000000.0,,8024000000.0,9828000000.0,13517000000.0,3689000000.0,-9681000000.0
MIRM,2025-03-31,111585000.0,-14677000.0,88567000.0,-15183000.0,-4000000.0,46044000.0,3596000.0,690245000.0,233256000.0,317156000.0,211822000.0,22418000.0,95852000.0,-1961000.0,-1920000.0,41000.0,
MIRM,2024-12-31,99414000.0,-23790000.0,76634000.0,-24222000.0,-14731000.0,44026000.0,3579000.0,670754000.0,225640000.0,317763000.0,222503000.0,22403000.0,78286000.0,-5068000.0,-5048000.0,20000.0,
MIRM,2024-09-30,90377000.0,-14235000.0,69571000.0,-12684000.0,-4247000.0,31710000.0,3586000.0,667893000.0,232024000.0,317652000.0,222969000.0,21594000.0,68530000.0,3984000.0,4165000.0,181000.0,
MIRM,2024-06-30,77875000.0,-24638000.0,57648000.0,-24232000.0,-14580000.0,32672000.0,3569000.0,660754000.0,228988000.0,316558000.0,233245000.0,20438000.0,60430000.0,-3803000.0,6976000.0,10779000.0,
MIRM,2024-03-31,69222000.0,-25279000.0,51392000.0,-26468000.0,-15414000.0,32222000.0,3577000.0,651962000.0,234603000.0,307521000.0,302843000.0,21606000.0,54999000.0,15212000.0,15225000.0,13000.0,
MIRM,2023-12-31,69554000.0,-33149000.0,46950000.0,-30075000.0,-26377000.0,30841000.0,3563000.0,646621000.0,248670000.0,308142000.0,286326000.0,22312000.0,67968000.0,-16618000.0,-11618000.0,5000000.0,
MIRM,2023-09-30,47725000.0,-23588000.0,37497000.0,-25148000.0,-17103000.0,26117000.0,3574000.0,650642000.0,269081000.0,306022000.0,303059000.0,22250000.0,47834000.0,-18221000.0,-18221000.0,0.0,
MIRM,2023-06-30,37497000.0,-74038000.0,30685000.0,-24273000.0,-68514000.0,22009000.0,3726000.0,443588000.0,-496992000.0,307829000.0,297228000.0,8509000.0,35326000.0,-2331000.0,12737000.0,15068000.0,147923000.0
MIRM,2023-03-31,31598000.0,-30130000.0,26619000.0,-27148000.0,-24206000.0,23548000.0,4242000.0,333530000.0,141150000.0,1969000.0,49419000.0,6613000.0,24661000.0,-33774000.0,-33733000.0,41000.0,21228000.0
MIRM,2022-12-31,27906000.0,-36431000.0,23412000.0,-34161000.0,-30603000.0,31105000.0,4359000.0,352906000.0,-392824000.0,2188000.0,28003000.0,5565000.0,23994000.0,-34270000.0,-34028000.0,242000.0,-7841000.0
MIRM,2022-09-30,18780000.0,-35706000.0,15848000.0,-32882000.0,-30518000.0,26217000.0,3971000.0,364347000.0,169297000.0,2086000.0,35759000.0,6943000.0,16337000.0,-26025000.0,-26006000.0,19000.0,-19488000.0
MIRM,2022-06-30,17484000.0,-26922000.0,14960000.0,-31441000.0,-28912000.0,25432000.0,3875000.0,297233000.0,110687000.0,2269000.0,55268000.0,4524000.0,13990000.0,-20172000.0,-20155000.0,17000.0,9045000.0
MIRM,2022-03-31,12892000.0,-36606000.0,10468000.0,-32736000.0,-32378000.0,24088000.0,3774000.0,278148000.0,108932000.0,2444000.0,46272000.0,1580000.0,7872000.0,-39669000.0,-39652000.0,17000.0,14935000.0
MIRM,2021-12-31,3138000.0,57546000.0,1235000.0,-45575000.0,61761000.0,27775000.0,3766000.0,294651000.0,120212000.0,2614000.0,31340000.0,1513000.0,3267000.0,-33147000.0,-14144000.0,19003000.0,75491000.0
MIRM,2021-09-30,5000000.0,-47108000.0,5000000.0,-42824000.0,-41254000.0,30471000.0,5667000.0,235167000.0,56396000.0,2778000.0,55844000.0,,400000.0,-34202000.0,-34184000.0,18000.0,-36094000.0
MIRM,2021-06-30,11000000.0,-43894000.0,11000000.0,-37401000.0,-38932000.0,35048000.0,4776000.0,247668000.0,95737000.0,2942000.0,91938000.0,,1000000.0,-40199000.0,-40181000.0,18000.0,1258000.0
MIRM,2021-03-31,0.0,-50532000.0,-185000.0,-47613000.0,-46961000.0,38134000.0,3381000.0,222241000.0,133883000.0,3105000.0,90677000.0,,,-25210000.0,-25207000.0,3000.0,-51400000.0
MIRM,2020-12-31,0.0,-37203000.0,,-36951000.0,-36701000.0,29726000.0,335000.0,240864000.0,172095000.0,3263000.0,142086000.0,,,-36279000.0,-36251000.0,28000.0,
MIRM,2020-09-30,0.0,-21506000.0,,-21716000.0,-21354000.0,15984000.0,237000.0,141865000.0,120255000.0,3404000.0,48778000.0,,,-17451000.0,-17405000.0,46000.0,
MIRM,2020-06-30,0.0,-23251000.0,,-23597000.0,-23101000.0,18555000.0,405000.0,155766000.0,136208000.0,3477000.0,83042000.0,,,-16994000.0,-16941000.0,53000.0,
MSFT,2025-06-30,76441000000.0,27233000000.0,52427000000.0,34323000000.0,44434000000.0,8829000000.0,615000000.0,619003000000.0,343479000000.0,60588000000.0,30242000000.0,938000000.0,69905000000.0,42647000000.0,59726000000.0,17079000000.0,
MSFT,2025-03-31,70066000000.0,25824000000.0,48147000000.0,32000000000.0,40711000000.0,8198000000.0,594000000.0,562624000000.0,321891000000.0,60567000000.0,28828000000.0,848000000.0,51700000000.0,37044000000.0,53789000000.0,16745000000.0,
MSFT,2024-12-31,69632000000.0,24108000000.0,47833000000.0,31653000000.0,36786000000.0,7917000000.0,594000000.0,533898000000.0,302695000000.0,62224000000.0,17482000000.0,909000000.0,48188000000.0,22291000000.0,38095000000.0,15804000000.0,
MSFT,2024-09-30,65585000000.0,24667000000.0,45486000000.0,30552000000.0,38234000000.0,7544000000.0,582000000.0,523013000000.0,287723000000.0,96838000000.0,20840000000.0,1626000000.0,44148000000.0,34180000000.0,49103000000.0,14923000000.0,
MSFT,2024-06-30,64727000000.0,22036000000.0,45043000000.0,27925000000.0,34331000000.0,8056000000.0,701000000.0,512163000000.0,268477000000.0,97852000000.0,18315000000.0,1246000000.0,56924000000.0,37195000000.0,51068000000.0,13873000000.0,
MSFT,2024-03-31,61858000000.0,21939000000.0,43353000000.0,27581000000.0,33554000000.0,7653000000.0,800000000.0,484275000000.0,253152000000.0,106229000000.0,19634000000.0,1304000000.0,44029000000.0,31917000000.0,42869000000.0,10952000000.0,
MSFT,2023-12-31,62020000000.0,21870000000.0,42397000000.0,27032000000.0,33394000000.0,7142000000.0,909000000.0,470558000000.0,238268000000.0,111358000000.0,17305000000.0,1615000000.0,42831000000.0,18853000000.0,28588000000.0,9735000000.0,
MSFT,2023-09-30,56517000000.0,22291000000.0,40215000000.0,26895000000.0,31730000000.0,6659000000.0,525000000.0,445785000000.0,220714000000.0,88079000000.0,80452000000.0,3000000000.0,36953000000.0,30583000000.0,40500000000.0,9917000000.0,
MSFT,2023-06-30,56189000000.0,20081000000.0,39394000000.0,24254000000.0,28128000000.0,6739000000.0,482000000.0,411976000000.0,206223000000.0,79441000000.0,34704000000.0,2500000000.0,48688000000.0,28770000000.0,37713000000.0,8943000000.0,
MSFT,2023-03-31,52857000000.0,18299000000.0,36729000000.0,22352000000.0,26718000000.0,6984000000.0,496000000.0,380088000000.0,194683000000.0,60522000000.0,26562000000.0,2877000000.0,37420000000.0,24441000000.0,31048000000.0,6607000000.0,10887000000.0
MSFT,2022-12-31,52747000000.0,16425000000.0,35259000000.0,20399000000.0,24047000000.0,6844000000.0,490000000.0,364552000000.0,183136000000.0,60114000000.0,15646000000.0,2980000000.0,35833000000.0,11173000000.0,17447000000.0,6274000000.0,-7326000000.0
MSFT,2022-09-30,50122000000.0,17556000000.0,34670000000.0,21518000000.0,24918000000.0,6628000000.0,500000000.0,359784000000.0,173566000000.0,60282000000.0,22884000000.0,4268000000.0,31279000000.0,23198000000.0,29481000000.0,6283000000.0,9183000000.0
MSFT,2022-06-30,51865000000.0,16740000000.0,35436000000.0,20534000000.0,24962000000.0,6849000000.0,496000000.0,364840000000.0,166542000000.0,78400000000.0,13931000000.0,3742000000.0,44261000000.0,24629000000.0,31500000000.0,6871000000.0,1574000000.0
MSFT,2022-03-31,49360000000.0,16728000000.0,33745000000.0,20364000000.0,24466000000.0,6306000000.0,503000000.0,344607000000.0,162924000000.0,61283000000.0,12498000000.0,3296000000.0,32613000000.0,25386000000.0,30726000000.0,5340000000.0,-8106000000.0
MSFT,2021-12-31,51728000000.0,18765000000.0,34768000000.0,22247000000.0,26536000000.0,5758000000.0,525000000.0,340389000000.0,160010000000.0,64032000000.0,20604000000.0,3019000000.0,33520000000.0,14480000000.0,20345000000.0,5865000000.0,1439000000.0
MSFT,2021-09-30,45317000000.0,20505000000.0,31671000000.0,20238000000.0,24275000000.0,5599000000.0,539000000.0,335418000000.0,151978000000.0,78935000000.0,19165000000.0,3411000000.0,27349000000.0,24540000000.0,30350000000.0,5810000000.0,4941000000.0
MSFT,2021-06-30,46152000000.0,16458000000.0,32161000000.0,19095000000.0,23302000000.0,5687000000.0,553000000.0,333779000000.0,141988000000.0,82278000000.0,14224000000.0,2636000000.0,38043000000.0,22710000000.0,29162000000.0,6452000000.0,522000000.0
MSFT,2021-03-31,41706000000.0,15457000000.0,28661000000.0,17048000000.0,20805000000.0,5204000000.0,633000000.0,308879000000.0,134505000000.0,67330000000.0,13702000000.0,2245000000.0,26322000000.0,22179000000.0,27268000000.0,5089000000.0,-730000000.0
MSFT,2020-12-31,43076000000.0,15463000000.0,28882000000.0,17897000000.0,21669000000.0,4899000000.0,571000000.0,304137000000.0,130236000000.0,69398000000.0,14432000000.0,1924000000.0,27312000000.0,12516000000.0,16690000000.0,4174000000.0,-2773000000.0
MSFT,2020-09-30,37154000000.0,13893000000.0,26152000000.0,15876000000.0,19358000000.0,4926000000.0,589000000.0,301001000000.0,123392000000.0,71305000000.0,17205000000.0,2705000000.0,22851000000.0,19335000000.0,24242000000.0,4907000000.0,3629000000.0
NET,2025-06-30,512316000.0,-50446000.0,383639000.0,-67264000.0,-67264000.0,134557000.0,-1524000.0,5562361000.0,1239727000.0,3462113000.0,1518608000.0,,307507000.0,99796000.0,166312000.0,66516000.0,
NET,2025-03-31,479087000.0,-38454000.0,363511000.0,-53247000.0,6891000.0,115089000.0,1443000.0,3721259000.0,1425878000.0,1475894000.0,204459000.0,,302307000.0,145784000.0,238701000.0,92917000.0,
NET,2024-12-31,459946000.0,-12848000.0,351260000.0,-34719000.0,26848000.0,120213000.0,1445000.0,3301162000.0,1046201000.0,1463213000.0,147691000.0,,333321000.0,127308000.0,206862000.0,79554000.0,
NET,2024-09-30,430082000.0,-15331000.0,334115000.0,-30794000.0,20320000.0,110911000.0,1433000.0,3062746000.0,973090000.0,1450734000.0,182883000.0,,266385000.0,104727000.0,164175000.0,59448000.0,
NET,2024-06-30,400996000.0,-15078000.0,311985000.0,-34536000.0,34470000.0,102547000.0,1218000.0,2916673000.0,881545000.0,1438590000.0,157967000.0,1.0,263130000.0,74815000.0,111355000.0,36540000.0,
NET,2024-03-31,378602000.0,-35543000.0,293564000.0,-54550000.0,15333000.0,87703000.0,1100000.0,2801630000.0,797224000.0,1436642000.0,259936000.0,,224772000.0,73579000.0,111551000.0,37972000.0,
NET,2023-12-31,362473000.0,-27865000.0,278615000.0,-42829000.0,11438000.0,96401000.0,1069000.0,2759767000.0,763047000.0,1435203000.0,89386000.0,1.0,259309000.0,125487000.0,160212000.0,34725000.0,
NET,2023-09-30,335603000.0,-23535000.0,257534000.0,-39212000.0,12757000.0,90593000.0,1138000.0,2589910000.0,699257000.0,1419121000.0,94143000.0,1612000.0,211157000.0,68100000.0,101325000.0,33225000.0,
NET,2023-06-30,308494000.0,-94467000.0,233273000.0,-56172000.0,-56172000.0,89610000.0,1539000.0,2533208000.0,641834000.0,1459071000.0,159318000.0,2797000.0,186593000.0,64451000.0,108932000.0,44481000.0,
NET,2023-03-31,290175000.0,-38082000.0,219743000.0,-38894000.0,-3133000.0,81539000.0,2126000.0,2667564000.0,652586000.0,1580955000.0,256363000.0,10505000.0,187772000.0,36414000.0,58925000.0,22511000.0,53228000.0
NET,2022-12-31,274700000.0,-45917000.0,206912000.0,-50691000.0,-14337000.0,79703000.0,875000.0,2587908000.0,623964000.0,1577091000.0,204178000.0,,156836000.0,78123000.0,122586000.0,44463000.0,66186000.0
NET,2022-09-30,253857000.0,-42546000.0,191890000.0,-45947000.0,-12312000.0,76432000.0,1512000.0,2490617000.0,593989000.0,1567573000.0,137838000.0,,134079000.0,42688000.0,89990000.0,47302000.0,-4760000.0
NET,2022-06-30,234517000.0,-63537000.0,178713000.0,-64541000.0,-37329000.0,75114000.0,1040000.0,2468459000.0,580490000.0,1567513000.0,142675000.0,1.0,129309000.0,38251000.0,80916000.0,42665000.0,-6654000.0
NET,2022-03-31,212167000.0,-41381000.0,165116000.0,-40024000.0,-19436000.0,67054000.0,1557000.0,2353949000.0,515477000.0,1574629000.0,151976000.0,1.0,131679000.0,-35467000.0,-6533000.0,28934000.0,-160526000.0
NET,2021-12-31,193596000.0,-77501000.0,151100000.0,-40822000.0,-14343000.0,61762000.0,16108000.0,2372071000.0,815798000.0,1293206000.0,313777000.0,1.0,101622000.0,40617000.0,72598000.0,31981000.0,-304404000.0
NET,2021-09-30,172347000.0,-107335000.0,134822000.0,-26494000.0,-73409000.0,46770000.0,12448000.0,2315514000.0,853150000.0,1247871000.0,618231000.0,,89754000.0,-6918000.0,25896000.0,32814000.0,368492000.0
NET,2021-06-30,152428000.0,-35510000.0,117399000.0,-28872000.0,-13349000.0,41349000.0,10444000.0,1445932000.0,801096000.0,448395000.0,247551000.0,1.0,81102000.0,7455000.0,24685000.0,17230000.0,60075000.0
NET,2021-03-31,138055000.0,-39963000.0,105971000.0,-31254000.0,-15344000.0,39527000.0,10234000.0,1405526000.0,804040000.0,435863000.0,187476000.0,2.0,74900000.0,23494000.0,49207000.0,25713000.0,78649000.0
NET,2020-12-31,125926000.0,-34021000.0,96861000.0,-24741000.0,-4493000.0,34757000.0,10062000.0,1380651000.0,816940000.0,383312000.0,108895000.0,1.0,67037000.0,-8813000.0,5854000.0,14667000.0,
NET,2020-09-30,114162000.0,-26468000.0,87157000.0,-21252000.0,-7228000.0,30902000.0,9828000.0,1371225000.0,826447000.0,421451000.0,111959000.0,1.0,50869000.0,1973000.0,21800000.0,19827000.0,
NVDA,2025-04-30,44062000000.0,18775000000.0,26668000000.0,21638000000.0,22584000000.0,3989000000.0,63000000.0,125254000000.0,83843000000.0,10285000000.0,15234000000.0,11333000000.0,22132000000.0,27414000000.0,28641000000.0,1227000000.0,
NVDA,2025-01-31,39331000000.0,22091000000.0,28723000000.0,24034000000.0,25821000000.0,3714000000.0,61000000.0,111601000000.0,79327000000.0,10270000000.0,8589000000.0,10080000000.0,23065000000.0,16629000000.0,17706000000.0,1077000000.0,
NVDA,2024-10-31,35082000000.0,19309000000.0,26156000000.0,21869000000.0,22855000000.0,3390000000.0,61000000.0,96013000000.0,65899000000.0,10225000000.0,9107000000.0,7654000000.0,17693000000.0,17627000000.0,18440000000.0,813000000.0,
NVDA,2024-07-31,30040000000.0,16599000000.0,22574000000.0,18642000000.0,19708000000.0,3090000000.0,61000000.0,85227000000.0,58157000000.0,10015000000.0,8563000000.0,6675000000.0,14132000000.0,14488000000.0,15465000000.0,977000000.0,
NVDA,2024-04-30,26044000000.0,14881000000.0,20406000000.0,16909000000.0,17753000000.0,2720000000.0,64000000.0,77072000000.0,49142000000.0,10991000000.0,7587000000.0,5864000000.0,12365000000.0,15345000000.0,15714000000.0,369000000.0,
NVDA,2024-01-31,22103000000.0,12285000000.0,16791000000.0,13614000000.0,14556000000.0,2465000000.0,63000000.0,65728000000.0,42978000000.0,11056000000.0,7280000000.0,5282000000.0,9999000000.0,11499000000.0,11753000000.0,254000000.0,
NVDA,2023-10-31,18120000000.0,9243000000.0,13400000000.0,10417000000.0,10957000000.0,2294000000.0,63000000.0,54148000000.0,33265000000.0,11027000000.0,5519000000.0,4779000000.0,8309000000.0,7332000000.0,7610000000.0,278000000.0,
NVDA,2023-07-31,13507000000.0,6188000000.0,9462000000.0,6800000000.0,7411000000.0,2040000000.0,65000000.0,49555000000.0,27501000000.0,10954000000.0,5783000000.0,4319000000.0,7066000000.0,6348000000.0,6637000000.0,289000000.0,803000000.0
NVDA,2023-04-30,7192000000.0,2043000000.0,4648000000.0,2140000000.0,2659000000.0,1875000000.0,66000000.0,44460000000.0,24520000000.0,12080000000.0,5079000000.0,4611000000.0,4080000000.0,2911000000.0,3159000000.0,248000000.0,1690000000.0
NVDA,2023-01-31,6051000000.0,1414000000.0,3833000000.0,1256000000.0,1778000000.0,1952000000.0,64000000.0,41182000000.0,22101000000.0,11855000000.0,3389000000.0,5159000000.0,3827000000.0,2249000000.0,2758000000.0,509000000.0,
NVDA,2022-10-31,5931000000.0,680000000.0,3177000000.0,601000000.0,1084000000.0,1945000000.0,65000000.0,40488000000.0,21349000000.0,11748000000.0,2800000000.0,4454000000.0,4908000000.0,392000000.0,922000000.0,530000000.0,
NVDA,2022-07-31,6704000000.0,656000000.0,2915000000.0,499000000.0,918000000.0,1824000000.0,65000000.0,43476000000.0,23851000000.0,11692000000.0,3013000000.0,3889000000.0,5317000000.0,1270000000.0,1703000000.0,433000000.0,
NVDA,2022-04-30,8288000000.0,1618000000.0,5431000000.0,1868000000.0,2207000000.0,1618000000.0,68000000.0,45212000000.0,26320000000.0,11699000000.0,3887000000.0,3163000000.0,5438000000.0,1731000000.0,2092000000.0,361000000.0,1897000000.0
NVDA,2022-01-31,7643000000.0,3003000000.0,4999000000.0,2970000000.0,3235000000.0,1466000000.0,61000000.0,44187000000.0,26612000000.0,12355000000.0,1990000000.0,2605000000.0,4650000000.0,3033000000.0,3306000000.0,273000000.0,702000000.0
NVDA,2021-10-31,7103000000.0,2464000000.0,4631000000.0,2671000000.0,2998000000.0,1403000000.0,62000000.0,40632000000.0,23798000000.0,11687000000.0,1288000000.0,2233000000.0,3954000000.0,1519000000.0,1741000000.0,222000000.0,-4340000000.0
NVDA,2021-07-31,6507000000.0,2374000000.0,4215000000.0,2444000000.0,2740000000.0,1245000000.0,60000000.0,38650000000.0,21147000000.0,12659000000.0,5628000000.0,2114000000.0,3586000000.0,2682000000.0,2865000000.0,183000000.0,4650000000.0
NVDA,2021-04-30,5661000000.0,1912000000.0,3629000000.0,1956000000.0,2378000000.0,1153000000.0,53000000.0,30796000000.0,18774000000.0,7738000000.0,978000000.0,1992000000.0,3024000000.0,1874000000.0,2172000000.0,298000000.0,131000000.0
NVDA,2021-01-31,5003000000.0,1457000000.0,3156000000.0,1507000000.0,1811000000.0,1146000000.0,53000000.0,28791000000.0,16893000000.0,7597000000.0,847000000.0,1826000000.0,2429000000.0,2067000000.0,2350000000.0,283000000.0,-1404000000.0
NVDA,2020-10-31,4726000000.0,1336000000.0,2960000000.0,1398000000.0,1700000000.0,1047000000.0,53000000.0,26881000000.0,15334000000.0,7565000000.0,2251000000.0,1495000000.0,2546000000.0,1279000000.0,1752000000.0,473000000.0,-1023000000.0
NVDA,2020-07-31,3866000000.0,622000000.0,2275000000.0,651000000.0,1067000000.0,997000000.0,54000000.0,25180000000.0,13914000000.0,7695000000.0,3274000000.0,1401000000.0,2084000000.0,1567000000.0,1784000000.0,217000000.0,-12220000000.0
ONC,2025-03-31,1117279000.0,1270000.0,952277000.0,11102000.0,43906000.0,481887000.0,,5841526000.0,3499513000.0,996825000.0,2516411000.0,494660000.0,745977000.0,44082000.0,160489000.0,116407000.0,
ONC,2024-12-31,1127824000.0,-151881000.0,967264000.0,-79425000.0,-29179000.0,542012000.0,,5920910000.0,3332222000.0,1079866000.0,2627410000.0,494986000.0,709106000.0,75160000.0,167640000.0,92480000.0,
ONC,2024-09-30,1001599000.0,-121350000.0,831137000.0,-120265000.0,-48973000.0,496179000.0,,5830860000.0,3436073000.0,1101477000.0,2701933000.0,431676000.0,603014000.0,188369000.0,322024000.0,133655000.0,
ONC,2024-06-30,929166000.0,-120405000.0,791034000.0,-107161000.0,-83051000.0,454466000.0,,5712179000.0,3366255000.0,1089984000.0,2592655000.0,443260000.0,529449000.0,-95588000.0,14362000.0,109950000.0,
ONC,2024-03-31,751652000.0,-251150000.0,626717000.0,-261348000.0,-236055000.0,460638000.0,,5667681000.0,3360361000.0,1063115000.0,2793370000.0,447345000.0,435294000.0,-308572000.0,-115520000.0,193052000.0,
ONC,2023-12-31,634409000.0,-2656903091.0,528577000.0,-383795000.0,-359976000.0,493987000.0,,5805275000.0,3537327000.0,930185000.0,3171800000.0,416122000.0,358027000.0,-221638000.0,-54727000.0,166911000.0,
ONC,2023-09-30,781308000.0,215413000.0,684999000.0,-133968000.0,-112458000.0,453259000.0,,5524879000.0,3763234000.0,579772000.0,3067336000.0,316929000.0,354618000.0,-78150000.0,104145000.0,182295000.0,
ONC,2023-06-30,595261000.0,-381137000.0,76507000.0,-318715000.0,-296380000.0,422764000.0,,5728736000.0,3798559000.0,677807000.0,3410368000.0,321333000.0,338140000.0,-293888000.0,-172418000.0,121470000.0,
ONC,2023-03-31,447801000.0,-348431000.0,-42572000.0,-371258000.0,-351247000.0,408584000.0,,5956775000.0,4157306000.0,545194000.0,3538644000.0,296995000.0,332158000.0,-563777000.0,-438192000.0,125585000.0,
ONC,2022-12-31,380095000.0,-3169148593.0,-139450000.0,-468622000.0,-450606000.0,446023000.0,18219000.0,6379290000.0,4383355000.0,891127000.0,3869564000.0,282346000.0,198984000.0,-318191000.0,-148168000.0,170023000.0,
ONC,2022-09-30,387628000.0,-557556000.0,-115278000.0,-438357000.0,-422156000.0,426363000.0,12759000.0,6726013000.0,4655171000.0,710577000.0,4197132000.0,290911000.0,202645000.0,-561906000.0,-433251000.0,128655000.0,
ONC,2022-06-30,341572000.0,-571449000.0,-107808000.0,-439399000.0,-423938000.0,378207000.0,11431000.0,7378207000.0,5302544000.0,632645000.0,4531137000.0,262210000.0,192279000.0,-379959000.0,-329669000.0,50290000.0,
ONC,2022-03-31,306626000.0,-434274000.0,-148526000.0,-443287000.0,-426687000.0,389915000.0,10071000.0,8021388000.0,5885500000.0,671875000.0,4347162000.0,245628000.0,216348000.0,-236563000.0,-116432000.0,120131000.0,
ONC,2021-12-31,213979000.0,-585653000.0,-265051000.0,-571739000.0,-558618000.0,430485000.0,,8645949000.0,6242987000.0,694644000.0,4375678000.0,242626000.0,500175000.0,-507839000.0,-349451000.0,158388000.0,
ONC,2021-09-30,206440000.0,-413855000.0,-192910000.0,-462325000.0,-450148000.0,351937000.0,,5286334000.0,3357073000.0,699535000.0,1383310000.0,150979000.0,129584000.0,-495713000.0,-428670000.0,67043000.0,
ONC,2021-06-30,149992000.0,-480341000.0,-242362000.0,-474838000.0,-463311000.0,356091000.0,,5524116000.0,3606775000.0,680380000.0,1776448000.0,117587000.0,73787000.0,-420266000.0,-381735000.0,38531000.0,
ONC,2021-03-31,605872000.0,66495000.0,252461000.0,70167000.0,79799000.0,320726000.0,,5821004000.0,4003587000.0,638620000.0,1901819000.0,72974000.0,84010000.0,125095000.0,175984000.0,50889000.0,
ONC,2020-12-31,100100000.0,-472745000.0,-276515000.0,-484912000.0,-477084000.0,355537000.0,,5600757000.0,3869243000.0,561964000.0,1381950000.0,89293000.0,79673000.0,-332334000.0,-275620000.0,56714000.0,
ONC,2020-09-30,91080000.0,-425224000.0,-279113000.0,-440137000.0,-431793000.0,349070000.0,,5566390000.0,4287494000.0,243732000.0,1464470000.0,35525000.0,60266000.0,-346241000.0,-271060000.0,75181000.0,
ONC,2020-06-30,65635000.0,-335202000.0,-234640000.0,-358877000.0,-351010000.0,285968000.0,1108000.0,3903290000.0,2546492000.0,361769000.0,1345014000.0,33234000.0,61663000.0,-262942000.0,-230337000.0,32605000.0,
OUST,2025-03-31,32632000.0,-22017000.0,13483000.0,-23830000.0,-23830000.0,14985000.0,0.0,268587000.0,167943000.0,18965000.0,53984000.0,15105000.0,25852000.0,-4879000.0,-4327000.0,552000.0,
OUST,2024-12-31,30092000.0,-23737000.0,13183000.0,-25598000.0,-20126000.0,14719000.0,0.0,276148000.0,180911000.0,20250000.0,45542000.0,16417000.0,22823000.0,-2561000.0,-1112000.0,1449000.0,
OUST,2024-09-30,28075000.0,-25590000.0,10754000.0,-27508000.0,-21624000.0,15127000.0,342000.0,255226000.0,171749000.0,21937000.0,44388000.0,18625000.0,20602000.0,-3767000.0,-3201000.0,566000.0,
OUST,2024-06-30,26990000.0,-23869000.0,9098000.0,-25250000.0,-19265000.0,14432000.0,740000.0,309875000.0,170610000.0,67475000.0,53113000.0,19453000.0,39911000.0,-21644000.0,-21285000.0,359000.0,
OUST,2024-03-31,25944000.0,-23849000.0,5718000.0,-25821000.0,-18930000.0,13094000.0,741000.0,317683000.0,167232000.0,68404000.0,48834000.0,21070000.0,38862000.0,-5722000.0,-4340000.0,1382000.0,
OUST,2023-12-31,24444000.0,-38995000.0,5481000.0,-29370000.0,-30631000.0,9900000.0,4081000.0,330743000.0,179672000.0,69898000.0,51543000.0,23232000.0,39980000.0,-24187000.0,-23814000.0,373000.0,
OUST,2023-09-30,22209000.0,-35102000.0,3093000.0,-35742000.0,-28319000.0,16678000.0,1825000.0,321831000.0,194047000.0,67876000.0,75585000.0,26474000.0,13404000.0,-27225000.0,-26565000.0,660000.0,
OUST,2023-06-30,19396000.0,-122733000.0,186000.0,-123035000.0,-115609000.0,26447000.0,1728000.0,353785000.0,216991000.0,69907000.0,91237000.0,27812000.0,15106000.0,-33466000.0,-32499000.0,967000.0,-24650000.0
OUST,2023-03-31,17230000.0,-177280000.0,-376000.0,-177102000.0,-168058000.0,32459000.0,1669000.0,463998000.0,322736000.0,71165000.0,115827000.0,28726000.0,22848000.0,-53012000.0,-52006000.0,1006000.0,-6717000.0
OUST,2022-12-31,10938000.0,-42176000.0,1841000.0,-42001000.0,-38055000.0,15306000.0,1551000.0,256137000.0,171619000.0,56195000.0,122932000.0,19533000.0,13759000.0,-27400000.0,-24331000.0,3069000.0,-10281000.0
OUST,2022-09-30,11204000.0,-35987000.0,3716000.0,-36045000.0,-32203000.0,17212000.0,699000.0,266274000.0,205292000.0,36596000.0,133189000.0,20804000.0,10783000.0,-27897000.0,-26821000.0,1076000.0,-27158000.0
OUST,2022-06-30,10329000.0,-28000000.0,2782000.0,-33189000.0,-24451000.0,15893000.0,444000.0,290550000.0,230971000.0,37377000.0,159707000.0,17181000.0,12384000.0,-33566000.0,-32705000.0,861000.0,-947000.0
OUST,2022-03-31,8558000.0,-32397000.0,2591000.0,-34188000.0,-29321000.0,15906000.0,1838000.0,283909000.0,237179000.0,18573000.0,160783000.0,11619000.0,9881000.0,-21827000.0,-21411000.0,416000.0,-21849000.0
OUST,2021-12-31,11852000.0,-28344000.0,3572000.0,-34694000.0,-29089000.0,15003000.0,1008000.0,307702000.0,260700000.0,19275000.0,182644000.0,7448000.0,10723000.0,-25451000.0,-22942000.0,2509000.0,-38932000.0
OUST,2021-09-30,7755000.0,-12669000.0,1876000.0,-27324000.0,-11250000.0,8390000.0,165000.0,261273000.0,220580000.0,12910000.0,221576000.0,6502000.0,6705000.0,-16760000.0,-15645000.0,1115000.0,-17840000.0
OUST,2021-06-30,7360000.0,-32011000.0,1895000.0,-21390000.0,-30325000.0,6474000.0,0.0,275773000.0,226002000.0,13317000.0,240148000.0,4721000.0,4671000.0,-15947000.0,-15885000.0,62000.0,-17017000.0
OUST,2021-03-31,6611000.0,-20957000.0,1743000.0,-16302000.0,-18838000.0,4712000.0,504000.0,290016000.0,251755000.0,14002000.0,257165000.0,5293000.0,2467000.0,-12399000.0,-11802000.0,597000.0,245803000.0
OUST,2020-12-31,6376000.0,-57160000.0,1973000.0,-14113000.0,-51453171.0,4289000.0,321000.0,46414000.0,-75907000.0,21810000.0,11362000.0,4817000.0,2327000.0,-7486000.0,-6371000.0,1115000.0,
OUST,2020-09-30,5947000.0,-19615000.0,1063000.0,-14719000.0,-13739000.0,8876000.0,521000.0,50878000.0,15601000.0,19507000.0,18367000.0,5376000.0,3004000.0,-10362000.0,-9743000.0,619000.0,
OUST,2020-06-30,4281000.0,-11312000.0,393000.0,-10648000.0,-9745000.0,5678000.0,398000.0,,,,,,,-12435000.0,-12053000.0,382000.0,
PLTR,2025-03-31,883855000.0,214031000.0,710885000.0,176048000.0,182670000.0,134889000.0,,6736917000.0,5424155000.0,244596000.0,993464000.0,,725205000.0,310263000.0,316447000.0,6184000.0,
PLTR,2024-12-31,827519000.0,79009000.0,652986000.0,11043000.0,18049000.0,171502000.0,,6340884000.0,5003275000.0,239219000.0,2098524000.0,,575048000.0,460327000.0,463433000.0,3106000.0,
PLTR,2024-09-30,725516000.0,143525000.0,578877000.0,113140000.0,121227000.0,117555000.0,,5768097000.0,4498143000.0,254915000.0,768710000.0,,668110000.0,419772000.0,423757000.0,3985000.0,
PLTR,2024-06-30,678134000.0,134126000.0,549572000.0,105339000.0,113395000.0,108781000.0,,5191880000.0,4050524000.0,258459000.0,512659000.0,,659339000.0,144187000.0,147066000.0,2879000.0,
PLTR,2024-03-31,634338000.0,105530000.0,518082000.0,80881000.0,89319000.0,110040000.0,,4807079000.0,3775227000.0,217069000.0,520388000.0,,486986000.0,129579000.0,132243000.0,2664000.0,
PLTR,2023-12-31,608350000.0,93391000.0,499711000.0,65794000.0,114355000.0,109283000.0,136000.0,4522425000.0,3475561000.0,229392000.0,831047000.0,,364784000.0,301172000.0,306032000.0,4860000.0,
PLTR,2023-09-30,558159000.0,71505000.0,450237000.0,39983000.0,89374000.0,105708000.0,742000.0,4193417000.0,3190015000.0,236271000.0,1040310000.0,1.0,430269000.0,133443000.0,135008000.0,1565000.0,
PLTR,2023-06-30,533317000.0,28127000.0,426418000.0,10074000.0,18473000.0,99533000.0,1317000.0,3980264000.0,2955474000.0,245989000.0,1055923000.0,,375756000.0,90192000.0,94126000.0,3934000.0,-210223000.0
PLTR,2023-03-31,525186000.0,16802000.0,417541000.0,4115000.0,12435000.0,90100000.0,1275000.0,3683138000.0,2723733000.0,259488000.0,1264738000.0,11946000.0,254041000.0,187376000.0,192131000.0,4755000.0,-1341232000.0
PLTR,2022-12-31,508624000.0,30878000.0,404313000.0,-17826000.0,46934000.0,82044000.0,1712000.0,3461239000.0,2565326000.0,249404000.0,2598540000.0,16244000.0,258346000.0,78763000.0,83681000.0,4918000.0,166001000.0
PLTR,2022-09-30,477880000.0,-123875000.0,370269000.0,-62191000.0,-115755000.0,100863000.0,1082000.0,3318835000.0,2386615000.0,245136000.0,2411290000.0,,343264000.0,47066000.0,61502000.0,14436000.0,43713000.0
PLTR,2022-06-30,473010000.0,-179329000.0,370786000.0,-41745000.0,-171176000.0,88171000.0,670000.0,3282338000.0,2348824000.0,256968000.0,2358393000.0,1.0,265826000.0,62431000.0,67889000.0,5458000.0,88342000.0
PLTR,2022-03-31,446357000.0,-101379000.0,351954000.0,-39439000.0,-94450000.0,88601000.0,594000.0,3319179000.0,2364746000.0,267662000.0,2269411000.0,2.0,256554000.0,35477000.0,50692000.0,15215000.0,-33750000.0
PLTR,2021-12-31,432867000.0,-156188000.0,345304000.0,-58943000.0,-118741000.0,84176000.0,601000.0,3247450000.0,2291030000.0,260073000.0,2290674000.0,36628000.0,190923000.0,93427000.0,99271000.0,5844000.0,-55981000.0
PLTR,2021-09-30,392146000.0,-102137000.0,305342000.0,-91941000.0,-97032000.0,94316000.0,609000.0,3224327000.0,2248056000.0,263227000.0,2335068000.0,41316000.0,174405000.0,100793000.0,106171000.0,5378000.0,-14503000.0
PLTR,2021-06-30,375642000.0,-138580000.0,284716000.0,-146148000.0,-138889000.0,110524000.0,590000.0,3075668000.0,2068963000.0,249792000.0,2341156000.0,36750000.0,242998000.0,22750000.0,23447000.0,697000.0,-9357000.0
PLTR,2021-03-31,341234000.0,-123474000.0,267123000.0,-114014000.0,-115295000.0,98471000.0,1840000.0,3014185000.0,1805943000.0,452724000.0,2339437000.0,37106000.0,151400000.0,116881000.0,117589000.0,708000.0,322527000.0
PLTR,2020-12-31,322091000.0,-148343000.0,251588000.0,-156572000.0,-150559000.0,94130000.0,1814000.0,2690504000.0,1522550000.0,456856000.0,2011323000.0,37285000.0,156932000.0,-18288000.0,-13527000.0,4761000.0,
PLTR,2020-09-30,289366000.0,-853319000.0,140026000.0,-847777000.0,-857262000.0,313915000.0,2085000.0,2603712000.0,1251753000.0,197753000.0,1800190000.0,43800000.0,162269000.0,-51990000.0,-50460000.0,1530000.0,
PLTR,2020-06-30,251889000.0,-110455000.0,183479000.0,-99145000.0,-99744000.0,86815000.0,5646000.0,1892360000.0,761993000.0,297576000.0,1497591000.0,37069000.0,106131000.0,60854000.0,63783000.0,2929000.0,
PWR,2025-06-30,6773007000.0,229250000.0,1007574000.0,370282000.0,-61529000.0,,168203000.0,19891264000.0,7857602000.0,453547000.0,509460000.0,286910000.0,5386384000.0,-243198000.0,-110436000.0,132762000.0,
PWR,2025-03-31,6233334000.0,144258000.0,834037000.0,239081000.0,450837000.0,,54312000.0,19134546000.0,7456660000.0,4747753000.0,520561000.0,263086000.0,6548763000.0,243198000.0,375960000.0,132762000.0,
PWR,2024-12-31,6553422000.0,305120000.0,1063366000.0,452723000.0,685312000.0,,56344000.0,18683894000.0,7317731000.0,4478957000.0,741960000.0,260181000.0,6379554000.0,712015000.0,859000000.0,146985000.0,
PWR,2024-09-30,6493167000.0,293185000.0,902148000.0,431161000.0,641793000.0,,59950000.0,18866300000.0,7070617000.0,5007048000.0,764067000.0,275852000.0,6479548000.0,739914000.0,952412000.0,212498000.0,
PWR,2024-06-30,5594387000.0,188159000.0,732117000.0,308906000.0,462626000.0,,45321000.0,15929150000.0,6567637000.0,3817707000.0,520383000.0,235102000.0,4430757000.0,391312000.0,552768000.0,161456000.0,
PWR,2024-03-31,5031819000.0,118360000.0,623494000.0,155354000.0,310049000.0,,41072000.0,15542352000.0,6356623000.0,4006463000.0,531056000.0,224341000.0,5369600000.0,237955000.0,321094000.0,83139000.0,
PWR,2023-12-31,5783948000.0,210908000.0,717243000.0,333866000.0,477632000.0,,49500000.0,16237225000.0,6272241000.0,4463697000.0,1293900000.0,175658000.0,4410829000.0,1003538000.0,1112944000.0,109406000.0,
PWR,2023-09-30,5620822000.0,272836000.0,847324000.0,400329000.0,542274000.0,,47531000.0,15188449000.0,5987311000.0,4247703000.0,305355000.0,163879000.0,5917122000.0,406592000.0,553299000.0,146707000.0,
PWR,2023-06-30,5048610000.0,165899000.0,724099000.0,279273000.0,419804000.0,,48189000.0,14740850000.0,5720933000.0,4516124000.0,361966000.0,156505000.0,5432439000.0,127413000.0,233442000.0,106029000.0,142277000.0
PWR,2023-03-31,4428826000.0,95046000.0,573195000.0,125860000.0,286027000.0,,41693000.0,14039135000.0,5513416000.0,4382025000.0,217115000.0,159164000.0,4932077000.0,38409000.0,119109000.0,80700000.0,-207528000.0
PWR,2022-12-31,4416618000.0,162572000.0,667564000.0,259395000.0,418471000.0,,37430000.0,13464337000.0,5383464000.0,3975491000.0,428505000.0,103265000.0,4754731000.0,583129000.0,674045000.0,90916000.0,214335000.0
PWR,2022-09-30,4459757000.0,155956000.0,688830000.0,286791000.0,414888000.0,,33566000.0,13296646000.0,5196053000.0,4161629000.0,215395000.0,98121000.0,4765538000.0,343362000.0,449381000.0,106019000.0,65828000.0
PWR,2022-06-30,4232003000.0,88020000.0,624590000.0,208356000.0,375304000.0,,28639000.0,13049645000.0,5127019000.0,4136877000.0,150653000.0,96306000.0,4520309000.0,118731000.0,240367000.0,121636000.0,-86684000.0
PWR,2022-03-31,3965525000.0,84641000.0,548171000.0,117516000.0,294238000.0,,24728000.0,13015101000.0,5137519000.0,4081606000.0,238258000.0,94264000.0,4331908000.0,85090000.0,195301000.0,110211000.0,8571000.0
PWR,2021-12-31,3923538000.0,104797000.0,597982000.0,140064000.0,299383000.0,,26056000.0,12855189000.0,5112301000.0,4002318000.0,229097000.0,84659000.0,4203771000.0,249953000.0,403152000.0,153199000.0,-1466896000.0
PWR,2021-09-30,3353278000.0,174365000.0,534676000.0,248077000.0,321446000.0,,17259000.0,10675716000.0,4630710000.0,3194842000.0,1696210000.0,61959000.0,3762451000.0,17876000.0,92688000.0,74812000.0,1484930000.0
PWR,2021-06-30,2999816000.0,117033000.0,447711000.0,161651000.0,240358000.0,,13109000.0,8720596000.0,4486732000.0,1612402000.0,212473000.0,62154000.0,3239770000.0,188948000.0,264170000.0,75222000.0,10824000.0
PWR,2021-03-31,2703581000.0,89761000.0,372890000.0,113729000.0,191645000.0,,12475000.0,8557414000.0,4374943000.0,1618076000.0,200218000.0,51009000.0,3185239000.0,125613000.0,209099000.0,83486000.0,15796000.0
PWR,2020-12-31,2912185000.0,170051000.0,465873000.0,175503000.0,264432000.0,,11304000.0,8398272000.0,4344181000.0,1453014000.0,184620000.0,50472000.0,3169915000.0,276090000.0,369627000.0,93537000.0,-33082000.0
PWR,2020-09-30,3020161000.0,162913000.0,507514000.0,242215000.0,313104000.0,,11049000.0,8325487000.0,4151950000.0,1484811000.0,216935000.0,39821000.0,3228751000.0,114859000.0,165639000.0,50780000.0,-314200000.0
RBLX,2025-06-30,1080677000.0,-278375000.0,844564000.0,-322460000.0,-322460000.0,384996000.0,-10342000.0,7845571000.0,353221000.0,641132000.0,994570000.0,,524488000.0,199262000.0,221872000.0,22610000.0,
RBLX,2025-03-31,1035207000.0,-215056000.0,810482000.0,-254709000.0,-151744000.0,374600000.0,10350000.0,7452249000.0,310687000.0,1805182000.0,1158680000.0,,425186000.0,443914000.0,461279000.0,17365000.0,
RBLX,2024-12-31,988183000.0,-219573000.0,769442000.0,-244112000.0,-157110000.0,355034000.0,10331000.0,7175003000.0,221446000.0,1805279000.0,711683000.0,,614838000.0,184491000.0,248351000.0,63860000.0,
RBLX,2024-09-30,918953000.0,-239324000.0,713955000.0,-278928000.0,-161589000.0,365424000.0,10286000.0,6687962000.0,189905000.0,1626280000.0,602631000.0,,401856000.0,247430000.0,276835000.0,29405000.0,
RBLX,2024-06-30,893543000.0,-205883000.0,694986000.0,-237949000.0,-144109000.0,361684000.0,10204000.0,6470516000.0,121506000.0,1848655000.0,966406000.0,,364597000.0,151449000.0,191150000.0,39701000.0,
RBLX,2024-03-31,801300000.0,-270604000.0,622434000.0,-302328000.0,-207438000.0,362065000.0,10363000.0,6314671000.0,71601000.0,1821928000.0,866414000.0,,346905000.0,238946000.0,285626000.0,46680000.0,
RBLX,2023-12-31,749939000.0,-323698000.0,578275000.0,-355193000.0,-260568000.0,341129000.0,10298000.0,6168078000.0,76290000.0,1651506000.0,678466000.0,,505769000.0,143305000.0,208502000.0,65197000.0,
RBLX,2023-09-30,713225000.0,-277158000.0,549644000.0,-300038000.0,-214589000.0,321613000.0,10268000.0,5754130000.0,125786000.0,1634422000.0,580049000.0,462795000.0,285315000.0,112704000.0,165900000.0,53196000.0,
RBLX,2023-06-30,680766000.0,-282777000.0,518737000.0,-313989000.0,-223676000.0,315319000.0,10129000.0,5599277000.0,168497000.0,1738829000.0,520264000.0,497372000.0,268387000.0,28390000.0,152305000.0,123915000.0,-308740000.0
RBLX,2023-03-31,655344000.0,-268313000.0,503503000.0,-289847000.0,-212117000.0,275537000.0,10012000.0,5471460000.0,247842000.0,1456495000.0,828129000.0,435528000.0,265246000.0,173781000.0,265640000.0,91859000.0,-2149277000.0
RBLX,2022-12-31,579004000.0,-289926000.0,436572000.0,-301899000.0,-236059000.0,248407000.0,10008000.0,5375487000.0,306026000.0,1556809000.0,2977474000.0,465309000.0,379353000.0,119219000.0,276424000.0,157205000.0,
RBLX,2022-09-30,517707000.0,-297798000.0,391270000.0,-300007000.0,-257810000.0,235551000.0,10005000.0,5038324000.0,423717000.0,1479231000.0,3021507000.0,447965000.0,185831000.0,67144000.0,202000000.0,134856000.0,-55032000.0
RBLX,2022-06-30,591207000.0,-176440000.0,448050000.0,-170267000.0,-140436000.0,211757000.0,9891000.0,4919420000.0,547088000.0,1443801000.0,3075475000.0,448484000.0,186825000.0,26497000.0,110309000.0,83812000.0,-58352000.0
RBLX,2022-03-31,537134000.0,-160202000.0,401502000.0,-151611000.0,-127559000.0,177762000.0,9999000.0,4715831000.0,561087000.0,1301198000.0,3132964000.0,435742000.0,179732000.0,156436000.0,208226000.0,51790000.0,128670000.0
RBLX,2021-12-31,568769000.0,-143298000.0,416781000.0,-139650000.0,-119171000.0,173570000.0,6998000.0,4560596000.0,584817000.0,1182339000.0,3004300000.0,406025000.0,307349000.0,122223000.0,167165000.0,44942000.0,1078741000.0
RBLX,2021-09-30,509336000.0,-74002000.0,379321000.0,-77446000.0,-59159000.0,138245000.0,28000.0,3272280000.0,593717000.0,196447000.0,1925559000.0,379611000.0,168762000.0,181166000.0,191729000.0,10563000.0,145297000.0
RBLX,2021-06-30,454100000.0,-140134000.0,337170000.0,-142946000.0,-125120000.0,124748000.0,26000.0,3073791000.0,526690000.0,251716000.0,1780262000.0,391780000.0,217010000.0,191251000.0,214486000.0,23235000.0,179732000.0
RBLX,2021-03-31,386976000.0,-134217000.0,289039000.0,-135056000.0,-119481000.0,96644000.0,5000.0,2816079000.0,573473000.0,184721000.0,1600530000.0,309388000.0,233781000.0,164469000.0,186858000.0,22389000.0,706587000.0
RBLX,2020-12-31,310009000.0,-58741000.0,231391000.0,-68607000.0,-55031000.0,60067000.0,,1847800000.0,-252388000.0,,893943000.0,274534000.0,246986000.0,179004000.0,239411000.0,60407000.0,
RBLX,2020-09-30,251914000.0,-48613000.0,186096000.0,-51518000.0,-40138000.0,51708000.0,,1470031000.0,-259198000.0,,801646000.0,221233000.0,157168000.0,185211000.0,211096000.0,25885000.0,
RKLB,2025-03-31,122569000.0,-60616000.0,35247000.0,-59188000.0,-50136000.0,55109000.0,2586000.0,1254973000.0,431294000.0,489684000.0,303149000.0,125588000.0,122536000.0,-54225000.0,-25548000.0,28677000.0,
RKLB,2024-12-31,132388000.0,-52345000.0,36817000.0,-51549000.0,-40753000.0,48255000.0,1778000.0,1184342000.0,382453000.0,424372000.0,271042000.0,119074000.0,111531000.0,-2387000.0,19167000.0,21554000.0,
RKLB,2024-09-30,104808000.0,-51939000.0,27996000.0,-51899000.0,-42446000.0,47723000.0,454000.0,1153029000.0,419835000.0,423571000.0,292470000.0,114435000.0,83021000.0,-30915000.0,-19897000.0,11018000.0,
RKLB,2024-06-30,106251000.0,-41631000.0,24215000.0,-43274000.0,-34024000.0,38860000.0,824000.0,1188598000.0,455180000.0,473750000.0,340911000.0,104539000.0,83094000.0,-13000000.0,2344000.0,15344000.0,
RKLB,2024-03-31,92767000.0,-44260000.0,20847000.0,-43079000.0,-35508000.0,37101000.0,898000.0,1181924000.0,478946000.0,476820000.0,365929000.0,99901000.0,59426000.0,-2588000.0,16589000.0,19177000.0,
RKLB,2023-12-31,59991000.0,-50497000.0,15492000.0,-47678000.0,-39753000.0,37488000.0,1405000.0,941211000.0,554544000.0,176688000.0,162518000.0,107857000.0,61800000.0,-42217000.0,-31803000.0,10414000.0,
RKLB,2023-09-30,67661000.0,-40568000.0,14967000.0,-38859000.0,-31067000.0,26626000.0,1413000.0,950493000.0,585802000.0,162110000.0,140904000.0,102394000.0,52188000.0,-25201000.0,-4154000.0,21047000.0,
RKLB,2023-06-30,62045000.0,-45889000.0,14593000.0,-45159000.0,-38407000.0,31035000.0,745000.0,981496000.0,611048000.0,162935000.0,197160000.0,102234000.0,52439000.0,-6064000.0,4508000.0,10572000.0,
RKLB,2023-03-31,54895000.0,-45617000.0,6357000.0,-46017000.0,-36540000.0,23905000.0,685000.0,990908000.0,640018000.0,153006000.0,208365000.0,98453000.0,73994000.0,-25385000.0,-12711000.0,12674000.0,-34296000.0
RKLB,2022-12-31,51762000.0,-37208000.0,1830000.0,-37223000.0,-39026000.0,15018000.0,892000.0,989123000.0,673206000.0,152783000.0,242515000.0,92279000.0,47466000.0,-18946000.0,-3953000.0,14993000.0,-91697000.0
RKLB,2022-09-30,63057000.0,-34610000.0,8467000.0,-32002000.0,-24149000.0,17508000.0,1486000.0,1001362000.0,690836000.0,149474000.0,333279000.0,86138000.0,71826000.0,-22997000.0,-14648000.0,8349000.0,-209575000.0
RKLB,2022-06-30,55474000.0,-37417000.0,4958000.0,-33159000.0,-25510000.0,19165000.0,2432000.0,1004752000.0,713454000.0,147629000.0,542511000.0,85683000.0,48877000.0,-38256000.0,-25428000.0,12828000.0,-65579000.0
RKLB,2022-03-31,40703000.0,-26709000.0,3735000.0,-32820000.0,-12613000.0,13477000.0,2989000.0,1057484000.0,732595000.0,148941000.0,603144000.0,77888000.0,42478000.0,-26339000.0,-20097000.0,6242000.0,-83725000.0
RKLB,2021-12-31,27478000.0,3196000.0,6685000.0,-24331000.0,-21877000.0,11968000.0,6128000.0,980847000.0,698448000.0,128426000.0,690959000.0,47904000.0,19010000.0,-21914000.0,-7662000.0,14252000.0,-104441000.0
RKLB,2021-09-30,5287000.0,-87969000.0,-12451000.0,-52295000.0,-84113000.0,14189000.0,2977000.0,955377000.0,674118000.0,125338000.0,792660000.0,38365000.0,13409000.0,-13295000.0,-7547000.0,5748000.0,741276057.0
RKLB,2021-06-30,11280000.0,-16665000.0,2463000.0,-13134000.0,-10684000.0,8529000.0,275000.0,320343990.0,260637976.0,124743000.0,44846.0,31516000.0,23198000.0,-21103000.0,-19450000.0,1653000.0,-380607.0
RKLB,2021-03-31,18192000.0,-15882000.0,1411000.0,-12291000.0,-9894000.0,7078000.0,131810.0,320787359.0,261697071.0,26522000.0,425453.0,25842000.0,4633000.0,-15479000.0,-11433000.0,4046000.0,-440450.0
RKLB,2020-12-31,15737000.0,-18947000.0,-4054000.0,-18802000.0,-14837000.0,8133000.0,11000.0,187869000.0,-166708000.0,27299000.0,52792000.0,26135000.0,10645000.0,-6342000.0,1002000.0,7344000.0,
RKLB,2020-09-30,10670000.0,-12605000.0,-1885000.0,-12845000.0,-12154000.0,4903000.0,,301352520.0,5001014.0,,924370.0,,,-9317000.0,-7158000.0,2159000.0,
RKLB,2020-06-30,7336000.0,-9206000.0,-2181000.0,-11151000.0,-8817000.0,3156000.0,,,,,,,,-4393000.0,4824000.0,9217000.0,
RMBS,2025-06-30,172209000.0,57935000.0,137439000.0,62993000.0,67711000.0,46331000.0,9707000.0,1467811000.0,1227980000.0,27936000.0,87759000.0,38603000.0,133138000.0,94359000.0,100866000.0,6507000.0,
RMBS,2025-03-31,166664000.0,60303000.0,133822000.0,63144000.0,77835000.0,42620000.0,377000.0,1379365000.0,1159837000.0,29194000.0,132185000.0,44701000.0,142766000.0,77414000.0,85286000.0,7872000.0,
RMBS,2024-12-31,161102000.0,62202000.0,129587000.0,57861000.0,72967000.0,43698000.0,352000.0,1343136000.0,1120692000.0,30151000.0,99775000.0,44634000.0,147883000.0,58984000.0,65473000.0,6489000.0,
RMBS,2024-09-30,145513000.0,48665000.0,117411000.0,54695000.0,70010000.0,41299000.0,327000.0,1251570000.0,1038985000.0,30191000.0,113980000.0,48905000.0,117976000.0,62074000.0,71944000.0,9870000.0,
RMBS,2024-06-30,132138000.0,36056000.0,97601000.0,40193000.0,50951000.0,40525000.0,371000.0,1250623000.0,1028892000.0,30813000.0,124578000.0,52596000.0,112703000.0,70422000.0,81752000.0,11330000.0,
RMBS,2024-03-31,117871000.0,32898000.0,86294000.0,30831000.0,41805000.0,37359000.0,366000.0,1208836000.0,991592000.0,30621000.0,112614000.0,47599000.0,125424000.0,39119000.0,42127000.0,3008000.0,
RMBS,2023-12-31,122225000.0,58545000.0,101161000.0,36264000.0,77609000.0,35985000.0,377000.0,1256133000.0,1038101000.0,30708000.0,94767000.0,36154000.0,133797000.0,54850000.0,55636000.0,786000.0,
RMBS,2023-09-30,105298000.0,103198000.0,81266000.0,104871000.0,119123000.0,37368000.0,356000.0,1184331000.0,955566000.0,30291000.0,131957000.0,34615000.0,129353000.0,51588000.0,59555000.0,7967000.0,
RMBS,2023-06-30,119832000.0,168880000.0,96234000.0,11695000.0,27678000.0,41576000.0,376000.0,1127116000.0,945558000.0,31258000.0,122190000.0,33527000.0,158482000.0,50442000.0,57191000.0,6749000.0,22079000.0
RMBS,2023-03-31,113762000.0,3281000.0,82086000.0,11003000.0,21660000.0,41898000.0,381000.0,962630000.0,761729000.0,32414000.0,99876000.0,26180000.0,159843000.0,38906000.0,46644000.0,7738000.0,-26009000.0
RMBS,2022-12-31,122367000.0,15949000.0,88983000.0,21973000.0,29358000.0,40121000.0,484000.0,1012594000.0,779297000.0,44481000.0,125334000.0,20900000.0,181066000.0,51289000.0,56117000.0,4828000.0,-16739000.0
RMBS,2022-09-30,112244000.0,939000.0,85260000.0,25719000.0,16104000.0,39295000.0,437000.0,969056000.0,749884000.0,45896000.0,141559000.0,14161000.0,180584000.0,79991000.0,86208000.0,6217000.0,-28440000.0
RMBS,2022-06-30,121132000.0,35020000.0,96320000.0,35560000.0,41747000.0,39538000.0,348000.0,1110913000.0,838158000.0,86340000.0,171460000.0,9238000.0,210294000.0,56499000.0,61249000.0,4750000.0,-6847000.0
RMBS,2022-03-31,99050000.0,-66218000.0,76651000.0,8321000.0,-54272000.0,39815000.0,605000.0,1060875000.0,793126000.0,107653000.0,179129000.0,6164000.0,182980000.0,42614000.0,47297000.0,4683000.0,71463000.0
RMBS,2021-12-31,91781000.0,6105000.0,74043000.0,8970000.0,21792000.0,36263000.0,2737000.0,1232646000.0,862396000.0,198778000.0,107891000.0,8482000.0,179673000.0,72168000.0,78433000.0,6265000.0,-44340000.0
RMBS,2021-09-30,81282000.0,3676000.0,62856000.0,4695000.0,15737000.0,35592000.0,2672000.0,1202666000.0,847843000.0,198634000.0,151871000.0,8085000.0,184955000.0,45997000.0,48257000.0,2260000.0,-52657000.0
RMBS,2021-06-30,84859000.0,11166000.0,67981000.0,14099000.0,27703000.0,31469000.0,2683000.0,1152985000.0,830588000.0,197632000.0,204731000.0,8052000.0,183276000.0,51594000.0,53344000.0,1750000.0,95200000.0
RMBS,2021-03-31,70382000.0,-2613000.0,53030000.0,-134000.0,10311000.0,32354000.0,2614000.0,1235780000.0,909406000.0,197466000.0,109554000.0,9926000.0,173666000.0,39458000.0,42975000.0,3517000.0,-19263000.0
RMBS,2020-12-31,61913000.0,-12066000.0,48462000.0,-7751000.0,4740000.0,34752000.0,2619000.0,1243876000.0,905113000.0,195060000.0,136146000.0,14466000.0,166716000.0,42067000.0,50996000.0,8929000.0,46521000.0
RMBS,2020-09-30,56915000.0,-12779000.0,41651000.0,-12500000.0,1764000.0,33733000.0,2586000.0,1309018000.0,958246000.0,194731000.0,89475000.0,14218000.0,174366000.0,44119000.0,52138000.0,8019000.0,-14046000.0
RYTM,2025-03-31,32704000.0,-49498000.0,29056000.0,-47004000.0,-47004000.0,36973000.0,5409000.0,386685000.0,163089000.0,4063000.0,106095000.0,19316000.0,17825000.0,-40351000.0,-40351000.0,0.0,
RYTM,2024-12-31,41830000.0,-43292000.0,38043000.0,-41255000.0,-37553000.0,41168000.0,5447000.0,392273000.0,164549000.0,3938000.0,89137000.0,18741000.0,18512000.0,-18845000.0,-18845000.0,0.0,
RYTM,2024-09-30,33251000.0,-44970000.0,29423000.0,-43885000.0,-38358000.0,37931000.0,5242000.0,363572000.0,11215000.0,4030000.0,47521000.0,13895000.0,19306000.0,-25215000.0,14785000.0,40000000.0,
RYTM,2024-06-30,29078000.0,-32261000.0,25954000.0,-40478000.0,-26788000.0,30017000.0,4603000.0,381846000.0,39343000.0,252641000.0,161669000.0,11994000.0,17598000.0,-29076000.0,-29076000.0,0.0,
RYTM,2024-03-31,25967000.0,-141372000.0,22969000.0,-139887000.0,-135912000.0,128474000.0,4755000.0,258651000.0,61581000.0,108445000.0,53428000.0,8507000.0,14695000.0,-40743000.0,-743000.0,40000000.0,
RYTM,2023-12-31,24234000.0,-41633000.0,21001000.0,-41265000.0,-36990000.0,29892000.0,4550000.0,332745000.0,169759000.0,1260000.0,60081000.0,8624000.0,14867000.0,-29383000.0,-29382000.0,1000.0,
RYTM,2023-09-30,22504000.0,-44163000.0,20092000.0,-43953000.0,-40102000.0,33570000.0,3149000.0,354199000.0,197474000.0,1440000.0,64593000.0,7762000.0,14541000.0,-29251000.0,-29250000.0,1000.0,
RYTM,2023-06-30,19221000.0,-46703000.0,16985000.0,-46604000.0,-42860000.0,33543000.0,3303000.0,309943000.0,182285000.0,2046000.0,115684000.0,6178000.0,13831000.0,-41090000.0,-40215000.0,875000.0,6136000.0
RYTM,2023-03-31,11469000.0,-51827000.0,10048000.0,-52531000.0,-48567000.0,37945000.0,3061000.0,345678000.0,219763000.0,1995000.0,109661000.0,5487000.0,8117000.0,-36433000.0,-36386000.0,47000.0,-18102000.0
RYTM,2022-12-31,8790000.0,-42493000.0,7762000.0,-42103000.0,-39040000.0,23548000.0,3011000.0,382481000.0,264262000.0,2024000.0,127677000.0,2917000.0,6224000.0,-34000000.0,-33999000.0,1000.0,-57410000.0
RYTM,2022-09-30,4284000.0,-42455000.0,3787000.0,-39267000.0,-38343000.0,21116000.0,2144000.0,389614000.0,281195000.0,74545000.0,185087000.0,1575000.0,3328000.0,-46987000.0,-46892000.0,95000.0,71880000.0
RYTM,2022-06-30,9066000.0,-45001000.0,8688000.0,-45096000.0,-44628000.0,31456000.0,46000.0,277675000.0,195628000.0,36507000.0,113207000.0,1690000.0,1707000.0,-38809000.0,-34749000.0,4060000.0,34670000.0
RYTM,2022-03-31,1498000.0,-52837000.0,1268000.0,-52691000.0,-52406000.0,32510000.0,73000.0,284824000.0,235769000.0,2406000.0,78537000.0,108000.0,862000.0,-53632000.0,-53505000.0,127000.0,19289000.0
RYTM,2021-12-31,1817000.0,-42867000.0,1581000.0,-50990000.0,-50664000.0,31574000.0,,329523000.0,284151000.0,2551000.0,59248000.0,111000.0,1025000.0,-40472000.0,-40404000.0,68000.0,-33124000.0
RYTM,2021-09-30,1028000.0,-35107000.0,806000.0,-44240000.0,-43787000.0,27539000.0,,355823000.0,322263000.0,2692000.0,92372000.0,,,-40160000.0,-40054000.0,106000.0,23033000.0
RYTM,2021-06-30,274000.0,-35389000.0,137000.0,-40432000.0,-40115000.0,25104000.0,,388390000.0,351689000.0,2828000.0,69339000.0,,,-31840000.0,-26592000.0,5248000.0,-17932000.0
RYTM,2021-03-31,35000.0,43750000.0,31000.0,-34398000.0,-34197000.0,19911000.0,,422209000.0,380947000.0,2959000.0,87271000.0,,,-33531000.0,-33519000.0,12000.0,-13658000.0
RYTM,2020-12-31,0.0,-34897000.0,,-35073000.0,-34895000.0,21954000.0,,187073000.0,166528000.0,3086000.0,100854000.0,,,-29123000.0,-29039000.0,84000.0,33184000.0
RYTM,2020-09-30,0.0,-33818000.0,,-34284000.0,-34112000.0,22995000.0,,215477000.0,196937000.0,3211000.0,67670000.0,,,-27030000.0,-26900000.0,130000.0,8579000.0
RYTM,2020-06-30,0.0,-31117000.0,,-31918000.0,-31745000.0,22997000.0,,243485000.0,225753000.0,3331000.0,59091000.0,,,-29729000.0,-29599000.0,130000.0,3315000.0
SFM,2025-06-30,2220602000.0,133703000.0,862600000.0,179356000.0,179356000.0,,431000.0,3783228000.0,1356500000.0,1755831000.0,261404000.0,351111000.0,61550000.0,111248000.0,172088000.0,60840000.0,
SFM,2025-03-31,2236436000.0,180026000.0,886363000.0,226332000.0,299151000.0,,386000.0,3738258000.0,1287982000.0,1718955000.0,285663000.0,340280000.0,71661000.0,299089000.0,358568000.0,59479000.0,
SFM,2024-12-31,1996228000.0,79602000.0,759890000.0,106463000.0,179596000.0,,386000.0,3640699000.0,1321893000.0,1679241000.0,265159000.0,343329000.0,39740000.0,124863000.0,193551000.0,68688000.0,
SFM,2024-09-30,1945735000.0,91610000.0,740923000.0,122451000.0,193817000.0,,391000.0,3585537000.0,1343492000.0,1653628000.0,309668000.0,329472000.0,25073000.0,209056000.0,261818000.0,52762000.0,
SFM,2024-06-30,1893519000.0,95289000.0,718365000.0,127317000.0,195707000.0,,1831000.0,3410519000.0,1269275000.0,1618368000.0,179521000.0,325578000.0,31381000.0,91600000.0,149284000.0,57684000.0,
SFM,2024-03-31,1883808000.0,114100000.0,722313000.0,148266000.0,216671000.0,,2398000.0,3472415000.0,1211027000.0,1702787000.0,312276000.0,316202000.0,36306000.0,219695000.0,270936000.0,51241000.0,
SFM,2023-12-31,1698545000.0,50049000.0,620373000.0,69438000.0,136386000.0,,2539000.0,3327428000.0,1148547000.0,1660664000.0,201794000.0,323198000.0,53872000.0,56043000.0,116337000.0,60294000.0,
SFM,2023-09-30,1713282000.0,65313000.0,625434000.0,87655000.0,153382000.0,,2880000.0,3290508000.0,1115009000.0,1651136000.0,251780000.0,323662000.0,16203000.0,114244000.0,180577000.0,66333000.0,
SFM,2023-06-30,1692247000.0,67334000.0,625972000.0,91616000.0,160779000.0,,2140000.0,3208196000.0,1075153000.0,1612749000.0,259484000.0,320006000.0,13616000.0,114961000.0,166600000.0,51639000.0,
SFM,2023-03-31,1733310000.0,76160000.0,650062000.0,101522000.0,195407000.0,,2220000.0,3169394000.0,1050930000.0,1624704000.0,294905000.0,306940000.0,12404000.0,179820000.0,226864000.0,47044000.0,1654000.0
SFM,2022-12-31,1576554000.0,45120000.0,572809000.0,61870000.0,127605000.0,,1399000.0,3070380000.0,1046462000.0,1540671000.0,293233000.0,310545000.0,16108000.0,64539000.0,107800000.0,43261000.0,-22860000.0
SFM,2022-09-30,1591026000.0,65740000.0,583650000.0,90339000.0,151325000.0,,2455000.0,3017517000.0,1040828000.0,1513506000.0,316042000.0,301667000.0,11455000.0,97827000.0,125478000.0,27651000.0,27302000.0
SFM,2022-06-30,1595482000.0,61997000.0,580357000.0,86510000.0,146897000.0,,2465000.0,2987324000.0,1013690000.0,1515148000.0,288965000.0,292862000.0,13260000.0,55934000.0,81805000.0,25871000.0,-35347000.0
SFM,2022-03-31,1641161000.0,88307000.0,611748000.0,119641000.0,181844000.0,,2816000.0,2997754000.0,1011974000.0,1520774000.0,324301000.0,272178000.0,13675000.0,153029000.0,180256000.0,27227000.0,79093000.0
SFM,2021-12-31,1492796000.0,36228000.0,533228000.0,51383000.0,123216000.0,,2844000.0,2923115000.0,959876000.0,1508398000.0,245287000.0,265387000.0,4191000.0,68140000.0,100508000.0,32368000.0,-15013000.0
SFM,2021-09-30,1509633000.0,63867000.0,539729000.0,85808000.0,142401000.0,,2770000.0,2926420000.0,968083000.0,1491883000.0,260218000.0,271084000.0,19475000.0,119354000.0,149943000.0,30589000.0,39263000.0
SFM,2021-06-30,1521993000.0,61014000.0,550081000.0,83650000.0,139455000.0,,2797000.0,2878363000.0,949123000.0,1481049000.0,220909000.0,274097000.0,13035000.0,71867000.0,94683000.0,22816000.0,-35029000.0
SFM,2021-03-31,1575447000.0,83048000.0,586174000.0,113235000.0,144464000.0,,2850000.0,2896738000.0,966870000.0,1469949000.0,256019000.0,270958000.0,14488000.0,105438000.0,122043000.0,16605000.0,86342000.0
SFM,2020-12-31,1601834000.0,68397000.0,588029000.0,92932000.0,159364000.0,,3106000.0,2806404000.0,881293000.0,1466692000.0,169697000.0,254224000.0,3275000.0,83771000.0,109865000.0,26094000.0,32397000.0
SFM,2020-09-30,1577598000.0,60241000.0,584769000.0,78381000.0,133547000.0,,2976000.0,2782223000.0,807946000.0,1491053000.0,137518000.0,257255000.0,24258000.0,16916000.0,48219000.0,31303000.0,-190550000.0
SHOP,2025-03-31,2360000000.0,-682000000.0,1169000000.0,203000000.0,211000000.0,377000000.0,,13400000000.0,11051000000.0,1138000000.0,1309000000.0,26000000.0,1689000000.0,367000000.0,371000000.0,4000000.0,
SHOP,2024-12-31,2812000000.0,1293000000.0,1352000000.0,465000000.0,473000000.0,351000000.0,,13924000000.0,11558000000.0,1126000000.0,1498000000.0,26000000.0,252000000.0,615000000.0,619000000.0,4000000.0,
SHOP,2024-09-30,2162000000.0,828000000.0,1118000000.0,283000000.0,291000000.0,332000000.0,,12329000000.0,10118000000.0,1141000000.0,1507000000.0,,1435000000.0,423000000.0,425000000.0,2000000.0,
SHOP,2024-06-30,2045000000.0,171000000.0,1045000000.0,241000000.0,251000000.0,349000000.0,,11346000000.0,9172000000.0,1137000000.0,1541000000.0,1.0,1193000000.0,340000000.0,347000000.0,7000000.0,
SHOP,2024-03-31,1861000000.0,-273000000.0,957000000.0,86000000.0,96000000.0,335000000.0,,11112000000.0,8893000000.0,1145000000.0,1623000000.0,92000000.0,1080000000.0,238000000.0,244000000.0,6000000.0,
SHOP,2023-12-31,2144000000.0,657000000.0,1062000000.0,289000000.0,299000000.0,311000000.0,,11299000000.0,9066000000.0,1150000000.0,1413000000.0,19000000.0,1102331139.0,448000000.0,450000000.0,2000000.0,
SHOP,2023-09-30,1714000000.0,718000000.0,901000000.0,122000000.0,135000000.0,313000000.0,,10464000000.0,8284000000.0,1122000000.0,1287000000.0,,1081000000.0,278000000.0,280000000.0,2000000.0,
SHOP,2023-06-30,1694000000.0,-1311000000.0,835000000.0,-1636000000.0,-279000000.0,648000000.0,,9703000000.0,7463000000.0,1134000000.0,1611000000.0,,981000000.0,118000000.0,139000000.0,21000000.0,
SHOP,2023-03-31,1508000000.0,68000000.0,717000000.0,-193000000.0,-163000000.0,458000000.0,486000000.0,10964000000.0,8457000000.0,1399000000.0,1738000000.0,,905000000.0,100000000.0,114000000.0,14000000.0,
SHOP,2022-12-31,1734978000.0,-623694000.0,798508000.0,-188749000.0,-584495000.0,440547000.0,880327.0,10757000000.0,8239000000.0,1396000000.0,1649000000.0,,857475057.0,255385000.0,263009000.0,7624000.0,
SHOP,2022-09-30,1366000000.0,-159000000.0,662000000.0,-346000000.0,-317000000.0,412000000.0,827727.0,11203285000.0,8693008000.0,1298879000.0,1378251000.0,1.0,912694909.0,-134000000.0,-120000000.0,14000000.0,
SHOP,2022-06-30,1295000000.0,-1204000000.0,656000000.0,-190000000.0,-174000000.0,347000000.0,861596.0,10747630000.0,8717128000.0,1192222000.0,3350781000.0,,789726000.0,-75000000.0,-63000000.0,12000000.0,
SHOP,2022-03-31,1204000000.0,-1474000000.0,638000000.0,-98000000.0,-81000000.0,304000000.0,884734.0,11834457000.0,9789595000.0,1195427000.0,2451545000.0,1.0,713869918.0,-25000000.0,-9000000.0,16000000.0,
SHOP,2021-12-31,1380024000.0,-371311000.0,692659000.0,14404000.0,-467943000.0,273912000.0,875043.0,13340172000.0,11133341000.0,1173487000.0,2502992000.0,1.0,667049850.0,260458000.0,286433000.0,25975000.0,
SHOP,2021-09-30,1123740000.0,1148432000.0,608909000.0,-4101000.0,1354343000.0,221028000.0,872000.0,13536518000.0,11370277000.0,1100184000.0,2189613000.0,,733165000.0,41866000.0,53228000.0,11362000.0,
SHOP,2021-06-30,1119445000.0,879093000.0,620860000.0,139441000.0,934262000.0,183557000.0,862619.0,11955678000.0,10120544000.0,1076795000.0,2364670000.0,,625697000.0,66421000.0,74684000.0,8263000.0,
SHOP,2021-03-31,988647000.0,1258445000.0,558716000.0,118899000.0,1385632000.0,175886000.0,873000.0,10824888000.0,9141871000.0,1078690000.0,2785571000.0,1.0,532804000.0,135683000.0,140871000.0,5188000.0,
SHOP,2020-12-31,977744000.0,123872000.0,504388000.0,112541000.0,134983000.0,164380185.0,8026004.0,7762905000.0,6400723000.0,912895000.0,2703597000.0,1.0,421542000.0,245366000.0,251722000.0,6356000.0,
SHOP,2020-09-30,767405000.0,191068000.0,405148000.0,50561000.0,204979000.0,143427000.0,1238000.0,7462031000.0,6176829000.0,902985000.0,3089884000.0,1.0,428980000.0,89357000.0,99405000.0,10048000.0,
SHOP,2020-06-30,714341000.0,35998000.0,375034000.0,284000.0,24299000.0,133227000.0,,5098439000.0,4628939000.0,153121000.0,1882362000.0,,322077000.0,175190000.0,183822000.0,8632000.0,
SNEX,2025-03-31,36890700000.0,71700000.0,590800000.0,430600000.0,451000000.0,,331400000.0,31282900000.0,1882000000.0,13970500000.0,1307300000.0,796200000.0,8643900000.0,-154500000.0,-139200000.0,15300000.0,
SNEX,2024-12-31,27935300000.0,85100000.0,790899999.0,432600000.0,461700000.0,,321400000.0,29585300000.0,1777400000.0,12221600000.0,1398200000.0,861400000.0,8901100000.0,-477800000.0,-464200000.0,13600000.0,
SNEX,2024-09-30,31139000000.0,76700000.0,460500000.0,430100000.0,458300000.0,,337800000.0,27466300000.0,1709100000.0,11316000000.0,1269000000.0,681100000.0,8315600000.0,192600000.0,209300000.0,16700000.0,
SNEX,2024-06-30,27069700000.0,61900000.0,567700000.0,411900000.0,425100000.0,,321100000.0,25930800000.0,1607800000.0,9160200000.0,1220800000.0,587400000.0,8470500000.0,-622100000.0,-603700000.0,18400000.0,
SNEX,2024-03-31,22106100000.0,53100000.0,499400000.0,340400000.0,357200000.0,18000000.0,275400000.0,25651000000.0,1542600000.0,8791700000.0,3098700000.0,616900000.0,9032800000.0,784000000.0,801400000.0,17400000.0,
SNEX,2023-12-31,19573000000.0,69100000.0,476900000.0,345900000.0,357400000.0,7000000.0,249200000.0,23244800000.0,1482800000.0,8044600000.0,1157600000.0,518400000.0,8325800000.0,152400000.0,165100000.0,12700000.0,
SNEX,2023-09-30,16635600000.0,50700000.0,377800000.0,403700000.0,357500000.0,53000000.0,266500000.0,21938700000.0,1379100000.0,6476300000.0,1108300000.0,537300000.0,8157200000.0,371100000.0,385200000.0,14100000.0,
SNEX,2023-06-30,15047900000.0,69500000.0,464600000.0,435900000.0,339800000.0,17000000.0,230900000.0,21933100000.0,1329900000.0,7158400000.0,1401300000.0,444700000.0,729100000.0,207900000.0,218200000.0,10300000.0,57600000.0
SNEX,2023-03-31,16161000000.0,41700000.0,400600000.0,399400000.0,265800000.0,17000000.0,193600000.0,21918900000.0,1247300000.0,6932200000.0,1263900000.0,572100000.0,999300000.0,-1649400000.0,-1638200000.0,11200000.0,-1696400000.0
SNEX,2022-12-31,13011600000.0,76600000.0,366800000.0,241500000.0,262600000.0,19000000.0,168700000.0,19832400000.0,1176600000.0,6565600000.0,1252100000.0,612700000.0,608100000.0,1046700000.0,1058000000.0,11300000.0,1117500000.0
SNEX,2022-09-30,16381000000.0,52300000.0,271500000.0,387700000.0,171700000.0,18000000.0,89200000.0,19859600000.0,1070100000.0,5352300000.0,1108500000.0,513500000.0,6842600000.0,266500000.0,279500000.0,13000000.0,
SNEX,2022-06-30,18930900000.0,49100000.0,229000000.0,126000000.0,125700000.0,20000000.0,38800000.0,19408800000.0,1047300000.0,4884200000.0,1363700000.0,564200000.0,7901900000.0,-2598000000.0,-2584700000.0,13300000.0,-2742500000.0
SNEX,2022-03-31,16382700000.0,64000000.0,215000000.0,400300000.0,121000000.0,16000000.0,24700000.0,21195700000.0,1005600000.0,7026800000.0,1299700000.0,547400000.0,631200000.0,2702200000.0,2719200000.0,17000000.0,2666100000.0
SNEX,2021-12-31,14341400000.0,41700000.0,164800000.0,313800000.0,92900000.0,3000000.0,27500000.0,3309000000.0,882000000.0,7344000000.0,612000000.0,523900000.0,6334000000.0,-600200000.0,-592900000.0,7300000.0,-366000000.0
SNEX,2021-09-30,11846800000.0,7300000.0,122800000.0,261700000.0,45100000.0,12000000.0,24300000.0,3069000000.0,808000000.0,7269000000.0,525000000.0,447500000.0,5786700000.0,744100000.0,752700000.0,8600000.0,700100000.0
SNEX,2021-06-30,10192100000.0,34200000.0,144000000.0,298000000.0,78400000.0,11000000.0,24600000.0,16799800000.0,901400000.0,6262000000.0,1075600000.0,484800000.0,640700000.0,713600000.0,727500000.0,13900000.0,656200000.0
SNEX,2021-03-31,11244800000.0,55300000.0,169100000.0,334200000.0,109300000.0,13000000.0,21600000.0,15799700000.0,860200000.0,6457700000.0,1001500000.0,450800000.0,500900000.0,783800000.0,801400000.0,17600000.0,708100000.0
SNEX,2020-12-31,9250500000.0,19500000.0,121300000.0,256100000.0,58600000.0,4000000.0,20400000.0,13974800000.0,799500000.0,5878500000.0,1033700000.0,439100000.0,273000000.0,-118800000.0,-96400000.0,22400000.0,-37100000.0
SNEX,2020-09-30,14284900000.0,77400000.0,105500000.0,226200000.0,121800000.0,9000000.0,24800000.0,13474900000.0,767500000.0,118700000.0,952600000.0,281100000.0,429700000.0,743400000.0,754500000.0,11100000.0,
SNEX,2020-06-30,8243400000.0,36600000.0,110800000.0,227900000.0,68800000.0,9000000.0,15400000.0,12389500000.0,688800000.0,5910200000.0,465200000.0,270200000.0,416300000.0,37200000.0,38200000.0,1000000.0,408400000.0
SNOW,2025-04-30,1042074000.0,-430092000.0,693288000.0,-447257000.0,-292345000.0,472404000.0,2071000.0,8157407000.0,2408000000.0,2687763000.0,2243083000.0,,552917000.0,228373000.0,273362000.0,44989000.0,
SNOW,2025-01-31,986770000.0,-327474000.0,653586000.0,-386678000.0,-352448000.0,509490000.0,2070000.0,9033938000.0,2999929000.0,2685270000.0,2628798000.0,,946405000.0,432725000.0,444002000.0,11277000.0,
SNOW,2024-10-31,942094000.0,-324279000.0,628900000.0,-365457000.0,-316011000.0,457635000.0,689000.0,8202258000.0,2929445000.0,2595628000.0,2148928000.0,,618852000.0,101706000.0,115146000.0,13440000.0,
SNOW,2024-07-31,868823000.0,-316899000.0,580745000.0,-355303000.0,-323492000.0,450960000.0,,6943886000.0,4129001000.0,312812000.0,1282045000.0,,452797000.0,69865000.0,74908000.0,5043000.0,
SNOW,2024-04-30,828709000.0,-316988000.0,556192000.0,-348572000.0,-319251000.0,421694000.0,0.0,7298018000.0,4558234000.0,278441000.0,1330411000.0,1.0,345505000.0,355468000.0,379391000.0,23923000.0,
SNOW,2024-01-31,774699000.0,-169352000.0,532895000.0,-275505000.0,-258568000.0,364476000.0,,8223383000.0,5180308000.0,287981000.0,1762749000.0,4112362000.0,926902000.0,344580000.0,364681000.0,20101000.0,
SNOW,2023-10-31,734173000.0,-214251000.0,505225000.0,-260623000.0,-233053000.0,332065000.0,0.0,7264379000.0,4929921000.0,286377000.0,982182000.0,74574000.0,511034000.0,120907000.0,140806000.0,19899000.0,
SNOW,2023-07-31,674018000.0,-226867000.0,455626000.0,-285407000.0,-260023000.0,313996000.0,,7509816000.0,5286938000.0,296852000.0,755192000.0,71969000.0,406404000.0,83191000.0,124843000.0,41652000.0,
SNOW,2023-04-30,623599000.0,-225627000.0,414185000.0,-273238000.0,-250075000.0,277412000.0,41006000.0,7446774000.0,5286243000.0,254843000.0,653014000.0,69205000.0,352993000.0,299444000.0,315755000.0,16311000.0,
SNOW,2023-01-31,589012000.0,-207484000.0,383355000.0,-239750000.0,-218124000.0,242125000.0,35531000.0,7722322000.0,5456436000.0,251658000.0,939902000.0,67901000.0,715821000.0,217316000.0,229371000.0,12055000.0,
SNOW,2022-10-31,557028000.0,-201442000.0,366307000.0,-206019000.0,-188323000.0,211387000.0,21857000.0,7155688000.0,5410777000.0,254276000.0,819003000.0,,394063000.0,79277000.0,93561000.0,14284000.0,
SNOW,2022-07-31,497248000.0,-222806000.0,324016000.0,-207732000.0,-191640000.0,183748000.0,11692000.0,7064115000.0,5426323000.0,241757000.0,906663000.0,,304964000.0,64433000.0,75717000.0,11284000.0,
SNOW,2022-04-30,422371000.0,-165794000.0,274441000.0,-188766000.0,-172456000.0,150798000.0,4759000.0,7022699000.0,5457994000.0,206549000.0,1063401000.0,53943000.0,277559000.0,184613000.0,196830000.0,12217000.0,
SNOW,2022-01-31,383774000.0,-132153000.0,249594000.0,-152029000.0,-146193000.0,123149000.0,21422000.0,6649698000.0,5049045000.0,206297000.0,1085729000.0,1.0,545629000.0,78898000.0,100222000.0,21324000.0,
SNOW,2021-10-31,334441000.0,-154856000.0,213655000.0,-157271000.0,-151753000.0,115900000.0,1985000.0,6163471000.0,5006682000.0,203891000.0,935217000.0,1.0,254243000.0,15538000.0,21608000.0,6070000.0,
SNOW,2021-07-31,272198000.0,-189719000.0,166077000.0,-200141000.0,-200141000.0,118087000.0,2190000.0,6032416000.0,4964965000.0,194897000.0,698548000.0,1.0,237457000.0,-6111000.0,452000.0,6563000.0,
SNOW,2021-04-30,228914000.0,-203220000.0,131568000.0,-205595000.0,-200911000.0,109796000.0,2612000.0,5929010000.0,4958321000.0,200530000.0,644674000.0,,166337000.0,21854000.0,41224000.0,19370000.0,
SNOW,2021-01-31,190465000.0,-198935000.0,107561000.0,-200397000.0,-197182000.0,93997000.0,1853000.0,5921739000.0,4936471000.0,204537000.0,820177000.0,1.0,294017000.0,19614000.0,34102000.0,14488000.0,
SNOW,2020-10-31,159624000.0,-168889000.0,92943000.0,-169454000.0,-166605000.0,74138000.0,1517000.0,5712889000.0,4967815000.0,206051000.0,3939925000.0,1.0,168982000.0,-19754000.0,-1640000.0,18114000.0,
SNOW,2020-07-31,133145000.0,-77634000.0,82699000.0,-77683000.0,-75443000.0,36533000.0,1689000.0,1437241000.0,763648000.0,201459000.0,138900000.0,1.0,151210000.0,-38685000.0,-32805000.0,5880000.0,
SOFI,2025-06-30,1121442000.0,97263000.0,836839000.0,112192000.0,167475000.0,,274568000.0,41112171000.0,6860580000.0,,2122502000.0,,,,,,
SOFI,2025-03-31,1036845000.0,71116000.0,766081000.0,79782000.0,135065000.0,156206000.0,265086000.0,37749286000.0,6678514000.0,3139859000.0,2085697000.0,,,21502000.0,74106000.0,52604000.0,
SOFI,2024-12-31,1007893000.0,332473000.0,727248000.0,59924000.0,113469000.0,148986000.0,273768000.0,36250951000.0,6525134000.0,3093301000.0,2538293000.0,,587496000.0,-200103000.0,-155872000.0,44231000.0,
SOFI,2024-09-30,986162000.0,60745000.0,687785000.0,63855000.0,115646000.0,139714000.0,292364000.0,34380176000.0,6121481000.0,3281891000.0,2354965000.0,,,-1173581000.0,-1127780000.0,45801000.0,
SOFI,2024-06-30,860629000.0,17404000.0,586978000.0,15340000.0,64963000.0,132167000.0,262011000.0,32641979000.0,5901494000.0,3208150000.0,2334589000.0,,68150000.0,-484371000.0,-444898000.0,39473000.0,
SOFI,2024-03-31,848994000.0,88043000.0,578619000.0,94226000.0,142765000.0,130920000.0,263193000.0,31305760000.0,6145979000.0,3001002000.0,3693390000.0,3693390001.0,66322999.0,738248000.0,772360000.0,34112000.0,
SOFI,2023-12-31,856426000.0,47913000.0,588738000.0,51158000.0,104607000.0,146063000.0,255596000.0,30074858000.0,5554986000.0,5362633000.0,3085020000.0,,169852000.0,-247941000.0,-211293000.0,36648000.0,
SOFI,2023-09-30,756516000.0,-266684000.0,515378000.0,-266928000.0,-214412000.0,125698000.0,219307000.0,27977153000.0,5373762000.0,6364941000.0,2813876000.0,3734551000.0,63301000.0,-2686519000.0,-2658478000.0,28041000.0,
SOFI,2023-06-30,676888000.0,-47549000.0,485403000.0,-49329000.0,801000.0,126845000.0,178870000.0,25561449000.0,5578035000.0,6981658000.0,3015652000.0,3740549000.0,59056000.0,-2079919000.0,-2052322000.0,27597000.0,523222000.0
SOFI,2023-03-31,607712000.0,-34422000.0,463751000.0,-36059000.0,9262000.0,117059000.0,135554000.0,22452961000.0,5554446000.0,6627066000.0,2487778000.0,2985219000.0,58772000.0,-2212760000.0,-2189040000.0,23720000.0,1131505000.0
SOFI,2022-12-31,555503000.0,-40006000.0,441734000.0,-38949000.0,3404000.0,113281000.0,98824000.0,19007675000.0,5528476000.0,5634371000.0,1421907000.0,1877059000.0,127050000.0,-2418835000.0,-2391078000.0,27757000.0,584529000.0
SOFI,2022-09-30,464174000.0,-74209000.0,407662000.0,-74451000.0,-34198000.0,110702000.0,40189000.0,15834903000.0,5501377000.0,5221986000.0,935159000.0,1344124000.0,59095000.0,-2880300000.0,-2854352000.0,25948000.0,262175000.0
SOFI,2022-06-30,389310000.0,-95835000.0,352424000.0,-95716000.0,-57660000.0,99366000.0,26783000.0,12670886000.0,5506554000.0,3909732000.0,707302000.0,,566000.0,-945499000.0,-920585000.0,24914000.0,-703223000.0
SOFI,2022-03-31,353823000.0,-110357000.0,317383000.0,-109605000.0,-78907000.0,81908000.0,23479000.0,12246576000.0,5530673000.0,5122662000.0,1325135000.0,,53638000.0,-1011224000.0,-986110000.0,25114000.0,933813000.0
SOFI,2021-12-31,303814000.0,-111012000.0,280922000.0,-109454000.0,-82927000.0,66316000.0,18206000.0,9176326000.0,4697703000.0,4539475000.0,494711000.0,,34210000.0,-1236289000.0,-1222473000.0,13816000.0,-85979000.0
SOFI,2021-09-30,293232000.0,-30047000.0,269605000.0,-29866000.0,-5791000.0,74434000.0,21226000.0,8083324000.0,4568903000.0,3370913000.0,533523000.0,,29497000.0,-196536000.0,-184899000.0,11637000.0,85571000.0
SOFI,2021-06-30,259370000.0,-165314000.0,230788000.0,-165392000.0,-140403000.0,69389000.0,28096000.0,7653000000.0,4527764000.0,2918463000.0,461920000.0,,30410000.0,-257443000.0,-238080000.0,19363000.0,-554409226.0
SOFI,2021-03-31,231232000.0,-177564000.0,195984000.0,-176465000.0,-150488000.0,65948000.0,35248000.0,805817385.0,618043636.0,1415000.0,39940.0,,50297000.0,340051000.0,347496000.0,7445000.0,-219774.0
SOFI,2020-12-31,224741000.0,-82616000.0,171491000.0,-87565000.0,-62079000.0,57767000.0,53250000.0,8563499000.0,3053571000.0,5071712000.0,872582000.0,,50297000.0,5179000.0,12111000.0,6932000.0,
SOFI,2020-09-30,239692000.0,-42878000.0,200787000.0,-42686000.0,-18010000.0,55428000.0,38905000.0,466179.0,20000.0,400000.0,144584.0,,,-879440000.0,-870654000.0,8786000.0,
SYM,2025-03-31,549651000.0,-3925000.0,107828000.0,-32059000.0,-19780000.0,61540000.0,,1964185000.0,205414000.0,,954944000.0,146281000.0,297810000.0,269575000.0,290135000.0,20560000.0,
SYM,2024-12-31,486693000.0,-3476000.0,80039000.0,-24629000.0,-16984000.0,43592000.0,,1715622000.0,196536000.0,,903034000.0,108691000.0,357740000.0,205027000.0,212384000.0,7357000.0,
SYM,2024-09-30,503566000.0,-2494000.0,63992000.0,-21537000.0,-15105000.0,40130000.0,,1578552000.0,203147000.0,,727310000.0,106136000.0,419781000.0,-99383000.0,-78016000.0,21367000.0,
SYM,2024-06-30,470338000.0,-4681000.0,54973000.0,-37620000.0,-26924000.0,44722000.0,,1558442000.0,418695000.0,18175000.0,870469000.0,132111000.0,261187000.0,50384000.0,67527000.0,17143000.0,
SYM,2024-03-31,393332000.0,-8809000.0,30220000.0,-64894000.0,-61739000.0,46462000.0,,1588017000.0,417061000.0,18624000.0,901382000.0,119772000.0,301672000.0,21072000.0,23943000.0,2871000.0,
SYM,2023-12-31,359943000.0,-2836000.0,64057000.0,-25099000.0,-21902000.0,42144000.0,,1324304000.0,160607000.0,19243000.0,485952000.0,137666000.0,292507000.0,-30150000.0,-27157000.0,2993000.0,
SYM,2023-09-30,391888000.0,-6208000.0,58789000.0,-53935000.0,-49230000.0,45791000.0,114209000.0,1050710000.0,82000.0,13638000.0,258770000.0,136121000.0,190355000.0,44528000.0,45491000.0,963000.0,
SYM,2023-06-30,311837000.0,-4347000.0,52909000.0,-42009000.0,-39549000.0,48845000.0,,969740000.0,2476000.0,5078000.0,255490000.0,166877000.0,165392000.0,54883000.0,63220000.0,8337000.0,-1411000.0
SYM,2023-03-31,266854000.0,-6118000.0,42847000.0,-57717000.0,-55648000.0,49666000.0,51582000.0,909529000.0,2368000.0,5497000.0,256954000.0,140441000.0,188027000.0,31312000.0,37329000.0,6017000.0,-91758000.0
SYM,2022-12-31,206312000.0,-7193000.0,35194000.0,-69569000.0,-67492000.0,50740000.0,62627000.0,808946000.0,5323000.0,5974000.0,350724000.0,110914000.0,146148000.0,101052000.0,108042000.0,6990000.0,-2751000.0
SYM,2022-09-30,244412000.0,-5549000.0,36729000.0,-54308000.0,-52519000.0,43462000.0,1050000.0,631263000.0,7184000.0,,353457000.0,91900000.0,105228000.0,-51518000.0,-44337000.0,7181000.0,-58699000.0
SYM,2022-06-30,175552000.0,-20492000.0,31544000.0,-33031000.0,-31605000.0,35140000.0,17596000.0,612831000.0,7012000.0,,411662000.0,126985000.0,39823000.0,-33827000.0,-31618000.0,2209000.0,252480992.0
SYM,2022-03-31,96284000.0,-29903000.0,16906000.0,-29961000.0,-28545000.0,23355000.0,58000.0,407791000.0,-1033208000.0,,259044000.0,72339000.0,28598000.0,-102902000.0,-101847000.0,1055000.0,
SYM,2021-12-31,77064000.0,-23053000.0,14468000.0,-23075000.0,-21717000.0,22184000.0,22000.0,454861000.0,-978613000.0,,363047000.0,44875000.0,13291000.0,40000000.0,47505000.0,7505000.0,
SYM,2021-09-30,91708000.0,-31484000.0,7852000.0,-31492000.0,-30209000.0,20909000.0,,280535000.0,-1113228000.0,,156634000.0,33561000.0,63370000.0,13543000.0,20378000.0,6835000.0,
SYM,2021-06-30,131487000.0,-37771000.0,-336000.0,-37778000.0,-36395000.0,20934000.0,,324000881.0,309898444.0,,2707252.0,,,25406000.0,28177000.0,2771000.0,
SYM,2021-03-31,23177000.0,-26855000.0,3496000.0,-26925000.0,-26041000.0,17090000.0,,324159830.0,312410590.0,,1986135.0,-724054.0,724054.0,24728000.0,26091000.0,1363000.0,
SYM,2020-12-31,5542000.0,-26203000.0,-565000.0,-26186000.0,-25245000.0,14452000.0,,132904.0,-184076000.0,,-58264000.0,,,45890000.0,47089000.0,1199000.0,
TBBK,2025-06-30,-56059000.0,59821000.0,-128532000.0,-75238000.0,79649000.0,,27009000.0,8839231000.0,860266000.0,,11637000.0,,40607000.0,,,,
TBBK,2025-03-31,223444000.0,57173000.0,128532000.0,75238000.0,76342000.0,,48059000.0,9385727000.0,829687000.0,123692000.0,1021269000.0,,738689000.0,132500000.0,134647000.0,2147000.0,
TBBK,2024-12-31,193734000.0,55908000.0,128200000.0,76388000.0,77520000.0,,44508000.0,8727543000.0,789783000.0,123696000.0,570123000.0,,742266000.0,86183000.0,86790000.0,607000.0,
TBBK,2024-09-30,171709000.0,51517000.0,122285000.0,69030000.0,69878000.0,,45948000.0,8094590000.0,815326000.0,147683000.0,55765000.0,-160419000.0,742239000.0,51221000.0,53271000.0,2050000.0,
TBBK,2024-06-30,168021000.0,53686000.0,123265000.0,71819000.0,73045000.0,,43504000.0,8145401000.0,776991000.0,147721000.0,405594000.0,-49461000.0,742915000.0,16702000.0,18341000.0,1639000.0,
TBBK,2024-03-31,165164000.0,56429000.0,121631000.0,74919000.0,75868000.0,,41391000.0,7915856000.0,816765000.0,147756000.0,1250468000.0,-46966000.0,728530000.0,75230000.0,76834000.0,1604000.0,
TBBK,2023-12-31,149062000.0,44028000.0,104834000.0,59224000.0,60352000.0,,39914000.0,7712006000.0,807281000.0,147863000.0,1038090000.0,314899000.0,723191000.0,61353000.0,61673000.0,320000.0,
TBBK,2023-09-30,155779000.0,50137000.0,113910000.0,66451000.0,66896000.0,,40120000.0,7465767000.0,773688000.0,119033000.0,903414000.0,-956329000.0,695396000.0,52846000.0,55744000.0,2898000.0,
TBBK,2023-06-30,155693000.0,49009000.0,116531000.0,66227000.0,67008000.0,,39127000.0,7542906000.0,749167000.0,119000000.0,880546000.0,-935560000.0,691378000.0,29384000.0,35181000.0,5797000.0,
TBBK,2023-03-31,151165000.0,49122000.0,112902000.0,64872000.0,65692000.0,,36360000.0,7606959000.0,725148000.0,122515000.0,787182000.0,-842028000.0,686270000.0,43135000.0,46809000.0,3674000.0,
TBBK,2022-12-31,132650000.0,40241000.0,99723000.0,56248000.0,57026000.0,,30168000.0,7903000000.0,694031000.0,122479000.0,888189000.0,21210000.0,664165000.0,52674000.0,53313000.0,639000.0,
TBBK,2022-09-30,107347000.0,30604000.0,88085000.0,42433000.0,43217000.0,,19280000.0,7777074000.0,663738000.0,151287000.0,722712000.0,18873000.0,625302000.0,28448000.0,30828000.0,2380000.0,
TBBK,2022-06-30,89563000.0,30402000.0,83972000.0,41127000.0,41971000.0,,7061000.0,7107160000.0,656536000.0,536392000.0,342865000.0,-381002000.0,602350000.0,21475000.0,22572000.0,1097000.0,
TBBK,2022-03-31,80966000.0,28966000.0,76458000.0,38106000.0,39000000.0,,3001000.0,7082660000.0,652295000.0,151493000.0,674226000.0,-710383000.0,555900000.0,18385000.0,19403000.0,1018000.0,
TBBK,2021-12-31,82938000.0,26992000.0,78757000.0,35521000.0,36416000.0,,2555000.0,6843239000.0,652454000.0,151604000.0,601784000.0,-621185000.0,548883000.0,12500000.0,12812000.0,312000.0,
TBBK,2021-09-30,80088000.0,28261000.0,75868000.0,36484000.0,37312000.0,,2607000.0,6268463000.0,637977000.0,451706000.0,317329000.0,2145000.0,531248000.0,37595000.0,37642000.0,47000.0,
TBBK,2021-06-30,82841000.0,29435000.0,80881000.0,36998000.0,37804000.0,,2911000.0,6550607000.0,619109000.0,151800000.0,588968000.0,,525092000.0,14059000.0,15012000.0,953000.0,
TBBK,2021-03-31,80997000.0,25965000.0,77009000.0,35126000.0,35934000.0,,3166000.0,7747341000.0,596764000.0,151892000.0,1746587000.0,,504480000.0,19738000.0,20069000.0,331000.0,
TBBK,2020-12-31,78239000.0,24171000.0,75013000.0,32676000.0,33536000.0,,3226000.0,6277433000.0,581164000.0,151992000.0,345515000.0,,482640000.0,71072000.0,73811000.0,2739000.0,
TBBK,2020-09-30,76830000.0,23254000.0,73051000.0,31025000.0,31957000.0,,2482000.0,6169302000.0,558459000.0,152085000.0,300978000.0,,449527000.0,644260000.0,644425000.0,165000.0,
TOST,2025-03-31,1337000000.0,56000000.0,346000000.0,43000000.0,69000000.0,84000000.0,,2564000000.0,1673000000.0,22000000.0,1005000000.0,111000000.0,118000000.0,79000000.0,89000000.0,10000000.0,
TOST,2024-12-31,1338000000.0,32000000.0,333000000.0,32000000.0,43000000.0,93000000.0,,2408000000.0,1545000000.0,24000000.0,903000000.0,118000000.0,115000000.0,147000000.0,160000000.0,13000000.0,
TOST,2024-09-30,1305000000.0,56000000.0,322000000.0,34000000.0,34000000.0,89000000.0,,2227000000.0,1420000000.0,38000000.0,761000000.0,106000000.0,174000000.0,109000000.0,121000000.0,12000000.0,
TOST,2024-06-30,1242000000.0,14000000.0,286000000.0,9000000.0,21000000.0,87000000.0,,2155000000.0,1283000000.0,40000000.0,691000000.0,110000000.0,171000000.0,124000000.0,140000000.0,16000000.0,
TOST,2024-03-31,1075000000.0,-83000000.0,249000000.0,-56000000.0,-4000000.0,83000000.0,,2052000000.0,1203000000.0,41000000.0,578000000.0,120000000.0,157000000.0,-20000000.0,-7000000.0,13000000.0,
TOST,2023-12-31,1036000000.0,-36000000.0,223000000.0,-56000000.0,-46000000.0,93000000.0,29000000.0,1958000000.0,1194000000.0,44000000.0,605000000.0,124000000.0,127000000.0,92000000.0,103000000.0,11000000.0,
TOST,2023-09-30,1032000000.0,-31000000.0,226000000.0,-59000000.0,-53000000.0,87000000.0,,1834000000.0,1149000000.0,32000000.0,514000000.0,98000000.0,95000000.0,47000000.0,57000000.0,10000000.0,
TOST,2023-06-30,978000000.0,-98000000.0,208000000.0,-80000000.0,-72000000.0,92000000.0,9000000.0,1795000000.0,1079000000.0,33000000.0,488000000.0,107000000.0,115000000.0,50000000.0,61000000.0,11000000.0,36000000.0
TOST,2023-03-31,819000000.0,-62000000.0,174000000.0,-92000000.0,-86000000.0,85000000.0,8000000.0,1795000000.0,1098000000.0,92000000.0,451000000.0,112000000.0,97000000.0,-55000000.0,-45000000.0,10000000.0,-49000000.0
TOST,2022-12-31,769000000.0,-99000000.0,158000000.0,-99000000.0,-93000000.0,79000000.0,6000000.0,1761000000.0,1098000000.0,94000000.0,547000000.0,110000000.0,77000000.0,-19000000.0,-9000000.0,10000000.0,-90000000.0
TOST,2022-09-30,752000000.0,-98000000.0,151000000.0,-85000000.0,-79000000.0,74000000.0,3000000.0,1741000000.0,1119000000.0,94000000.0,644000000.0,95000000.0,78000000.0,-69000000.0,-58000000.0,11000000.0,-58000000.0
TOST,2022-06-30,675000000.0,-9000000.0,113000000.0,-99000000.0,-93000000.0,67000000.0,1000000.0,1750000000.0,1150000000.0,92000000.0,697000000.0,62000000.0,68000000.0,-21000000.0,-12000000.0,9000000.0,-47000000.0
TOST,2022-03-31,535000000.0,55000000.0,89000000.0,-101000000.0,-95000000.0,62000000.0,1000000.0,1734000000.0,1143000000.0,95000000.0,757000000.0,44000000.0,56000000.0,-47000000.0,-44000000.0,3000000.0,-21000000.0
TOST,2021-12-31,512000000.0,2000000.0,73000000.0,-116000000.0,8000000.0,50000000.0,24247000.0,1735000000.0,1091000000.0,99000000.0,809000000.0,42000000.0,55000000.0,-32000000.0,-30000000.0,2000000.0,
TOST,2021-09-30,486379000.0,-252497000.0,83254000.0,-53701000.0,-49000000.0,39700000.0,247000.0,1657253000.0,1009474000.0,838000.0,1301619000.0,38665000.0,53139000.0,-17248000.0,-13373000.0,3875000.0,
TOST,2021-06-30,426000000.0,-135000000.0,89000000.0,-51000000.0,-127991000.0,50000000.0,6000000.0,696160000.0,-615146000.0,849803000.0,376149000.0,33963000.0,49068000.0,56218000.0,60625000.0,4407000.0,
TOST,2021-03-31,282000000.0,-99000000.0,69000000.0,-5000000.0,-89311000.0,23000000.0,6000000.0,,378000000.0,,-582000000.0,,,-5000000.0,3000000.0,8000000.0,
TOST,2020-12-31,242535000.0,-61048000.0,47107000.0,-56911000.0,-37482000.0,29916000.0,5805000.0,775956000.0,-470976000.0,171709000.0,581824000.0,19330000.0,33000000.0,-38003000.0,-30175000.0,7828000.0,
TOST,2020-09-30,236757000.0,-62608000.0,48320000.0,-38651000.0,-53702000.0,34274000.0,5661000.0,,,,,,,11189000.0,21977000.0,10788000.0,
TOST,2020-06-30,145193000.0,-53722000.0,28392000.0,-53106000.0,-50809500.0,20214000.0,,,,,,,,-48909500.0,-35622500.0,13287000.0,
TSLA,2025-06-30,22496000000.0,1172000000.0,3878000000.0,923000000.0,3068000000.0,1589000000.0,86000000.0,128567000000.0,77314000000.0,13134000000.0,15587000000.0,14570000000.0,3838000000.0,2540000000.0,4934000000.0,2394000000.0,
TSLA,2025-03-31,19335000000.0,409000000.0,3153000000.0,399000000.0,2127000000.0,1409000000.0,91000000.0,125111000000.0,74653000000.0,13128000000.0,16352000000.0,13706000000.0,3782000000.0,2156000000.0,3648000000.0,1492000000.0,
TSLA,2024-12-31,25707000000.0,2356000000.0,4179000000.0,1583000000.0,4358000000.0,1276000000.0,96000000.0,122070000000.0,72913000000.0,13623000000.0,16139000000.0,12017000000.0,4418000000.0,4814000000.0,7594000000.0,2780000000.0,
TSLA,2024-09-30,25182000000.0,2167000000.0,4997000000.0,2717000000.0,4224000000.0,1039000000.0,92000000.0,119852000000.0,70710000000.0,12783000000.0,18111000000.0,14530000000.0,3313000000.0,6255000000.0,9768000000.0,3513000000.0,
TSLA,2024-06-30,25500000000.0,1400000000.0,4578000000.0,1605000000.0,3251000000.0,1074000000.0,86000000.0,112832000000.0,67263000000.0,12515000000.0,15009000000.0,14195000000.0,3737000000.0,3612000000.0,5884000000.0,2272000000.0,
TSLA,2024-03-31,21301000000.0,1390000000.0,3696000000.0,1171000000.0,2875000000.0,1151000000.0,76000000.0,109226000000.0,65180000000.0,9911000000.0,11805000000.0,16033000000.0,3887000000.0,242000000.0,3019000000.0,2777000000.0,
TSLA,2023-12-31,25167000000.0,7930000000.0,4438000000.0,2064000000.0,3484000000.0,1094000000.0,61000000.0,106618000000.0,63609000000.0,5230000000.0,16398000000.0,13626000000.0,3508000000.0,4370000000.0,6677000000.0,2307000000.0,
TSLA,2023-09-30,23350000000.0,1853000000.0,4178000000.0,1764000000.0,3318000000.0,1161000000.0,38000000.0,93941000000.0,54495000000.0,4393000000.0,15932000000.0,13721000000.0,2520000000.0,3308000000.0,5767000000.0,2459000000.0,
TSLA,2023-06-30,24927000000.0,2703000000.0,4533000000.0,2399000000.0,3553000000.0,943000000.0,28000000.0,90591000000.0,52182000000.0,2331000000.0,15296000000.0,14356000000.0,3447000000.0,3065000000.0,5125000000.0,2060000000.0,
TSLA,2023-03-31,23329000000.0,2513000000.0,4511000000.0,2664000000.0,3710000000.0,771000000.0,29000000.0,86833000000.0,49235000000.0,2676000000.0,16048000000.0,14375000000.0,2993000000.0,2513000000.0,4586000000.0,2073000000.0,-204000000.0
TSLA,2022-12-31,24318000000.0,3687000000.0,5777000000.0,3901000000.0,4890000000.0,810000000.0,33000000.0,82338000000.0,45898000000.0,3099000000.0,16253000000.0,12839000000.0,2952000000.0,3278000000.0,5136000000.0,1858000000.0,
TSLA,2022-09-30,21454000000.0,3292000000.0,5382000000.0,3688000000.0,4644000000.0,733000000.0,53000000.0,74426000000.0,41124000000.0,5874000000.0,19532000000.0,10327000000.0,2192000000.0,5100000000.0,6903000000.0,1803000000.0,1597000000.0
TSLA,2022-06-30,16934000000.0,2259000000.0,4234000000.0,2464000000.0,3386000000.0,667000000.0,44000000.0,68513000000.0,37658000000.0,6665000000.0,18324000000.0,8108000000.0,2081000000.0,2351000000.0,4081000000.0,1730000000.0,1061000000.0
TSLA,2022-03-31,18756000000.0,3280000000.0,5460000000.0,3603000000.0,4483000000.0,865000000.0,61000000.0,66038000000.0,35406000000.0,7025000000.0,17505000000.0,6691000000.0,2311000000.0,3995000000.0,5776000000.0,1781000000.0,-86000000.0
TSLA,2021-12-31,17719000000.0,2343000000.0,4847000000.0,2567000000.0,3554000000.0,740000000.0,71000000.0,62131000000.0,31015000000.0,6834000000.0,17576000000.0,5757000000.0,1913000000.0,4585000000.0,6399000000.0,1814000000.0,1412000000.0
TSLA,2021-09-30,13757000000.0,1618000000.0,3660000000.0,2004000000.0,2765000000.0,611000000.0,126000000.0,57834000000.0,28494000000.0,8154000000.0,16065000000.0,5199000000.0,1962000000.0,3147000000.0,4972000000.0,1825000000.0,-89000000.0
TSLA,2021-06-30,11958000000.0,1142000000.0,2884000000.0,1312000000.0,1993000000.0,576000000.0,75000000.0,55146000000.0,26250000000.0,11133000000.0,16229000000.0,4733000000.0,2129000000.0,2124000000.0,3639000000.0,1515000000.0,-940000000.0
TSLA,2021-03-31,10389000000.0,438000000.0,2215000000.0,594000000.0,1215000000.0,666000000.0,99000000.0,52972000000.0,24465000000.0,12511000000.0,17141000000.0,4132000000.0,1890000000.0,1641000000.0,4501000000.0,2860000000.0,-1957000000.0
TSLA,2020-12-31,10744000000.0,239000000.0,2066000000.0,575000000.0,1193000000.0,522000000.0,246000000.0,52148000000.0,23679000000.0,11739000000.0,19384000000.0,4101000000.0,1886000000.0,3019000000.0,4188000000.0,1169000000.0,4664000000.0
TSLA,2020-09-30,8771000000.0,331000000.0,2063000000.0,809000000.0,1393000000.0,366000000.0,163000000.0,45691000000.0,17500000000.0,15163000000.0,14531000000.0,4218000000.0,1757000000.0,2400000000.0,3426000000.0,1026000000.0,5811000000.0
TSM,2025-06-30,933792000000.0,398273000000.0,547369000000.0,463423000000.0,856233000000.0,61280000000.0,,7006350000000.0,4616630000000.0,,2634430000000.0,304190000000.0,235690000000.0,1122638000000.0,1750691000000.0,628053000000.0,
TSM,2025-03-31,839254000000.0,361564128000.0,493395000000.0,407081000000.0,591629457000.0,56547493000.0,2677274000.0,7133290000000.0,4564162580000.0,1081028355000.0,2394804250000.0,293390000000.0,243826874000.0,625570000000.0,956400000000.0,330830000000.0,
TSM,2024-12-31,868461000000.0,374680000000.0,512379000000.0,425713000000.0,596091000000.0,57232000000.0,2523215000.0,6691938000000.0,4288545000000.0,986462000000.0,2127627000000.0,287869000000.0,272088000000.0,620205000000.0,982154000000.0,361949000000.0,
TSM,2024-09-30,759692143000.0,325257571000.0,439345666000.0,360766289000.0,555051199000.0,52783826000.0,2635790000.0,6165660000000.0,3993174669000.0,936160000000.0,1886781000000.0,292880000000.0,249970000000.0,391992467000.0,606999201000.0,215006734000.0,
TSM,2024-06-30,673510177000.0,247845528000.0,358124478000.0,286555542000.0,474115309000.0,48057704000.0,2638140000.0,5982364014000.0,3791402874000.0,997422613000.0,1799127351000.0,272490587000.0,210210419000.0,377668210000.0,583342894000.0,205674684000.0,
TSM,2024-03-31,592644201000.0,225484877000.0,314505269000.0,249018306000.0,428264621000.0,46108936000.0,2698255000.0,5787891082000.0,3635731930000.0,1009462421000.0,1698195704000.0,267123338999.0,202059004000.0,436311108000.0,619670903000.0,183359795000.0,
TSM,2023-12-31,625529000000.0,238712000000.0,331768000000.0,260205000000.0,410853000000.0,50410000000.0,2918637000.0,5532371215000.0,3458913627000.0,959068460000.0,1465427753000.0,250997088000.0,202010236000.0,404331237000.0,529090524000.0,124759287000.0,
TSM,2023-09-30,546733000000.0,211000000000.0,296643000000.0,228065000000.0,228065000000.0,51137762000.0,3111922000.0,5484556381000.0,3348349657000.0,974327930000.0,1311806535000.0,262090072000.0,222906273000.0,847138000000.0,1626795000000.0,779657000000.0,
TSM,2023-06-30,480841000000.0,181799000000.0,260200000000.0,201958000000.0,325897000000.0,41665000000.0,3005155000.0,5149465000000.0,3188750000000.0,945182070000.0,1276724000000.0,234333000000.0,191027000000.0,167248000000.0,417782000000.0,250534000000.0,
TSM,2023-03-31,508632973000.0,233625311000.0,286500392000.0,231238157000.0,357561258000.0,44587023000.0,3334985000.0,5045844348000.0,3078233958000.0,884770024000.0,1385232810000.0,216067981000.0,148124287000.0,486880000000.0,823680000000.0,336800000000.0,
TSM,2022-12-31,625530000000.0,233625311000.0,389183047000.0,324644923000.0,-64540000000.0,44587023000.0,3334985000.0,4964778878000.0,2945653195000.0,888174472000.0,1342814083000.0,221149148000.0,231408820000.0,486880000000.0,823680000000.0,336800000000.0,
TSM,2022-09-30,613142743000.0,280865780000.0,370498717000.0,310324214000.0,424381386000.0,42977507000.0,3370018000.0,4643301766000.0,2737974306000.0,899050669000.0,1296012784000.0,218335874000.0,261614451000.0,412698167000.0,680333995000.0,267635828000.0,
TSM,2022-06-30,534140808000.0,237027317000.0,315467994000.0,262123749000.0,381426917000.0,39649130000.0,2904231000.0,4345941335000.0,2496353192000.0,895303802000.0,1253189197000.0,217438091000.0,222069236000.0,338849429000.0,559794722000.0,220945293000.0,
TSM,2022-03-31,491075873000.0,166232291000.0,273203166000.0,223790118000.0,168433237000.0,32239000000.0,2140766000.0,3992676667000.0,2314430096000.0,798354765000.0,1151589646000.0,200118682000.0,213486066000.0,372169688000.0,634887410000.0,262717722000.0,
TSM,2021-12-31,438189000000.0,166232000000.0,230678922000.0,182771954000.0,294629000000.0,32239000000.0,712000000.0,3725479503000.0,2168286553000.0,753631900000.0,1064990200000.0,193102300000.0,198362900000.0,378200000000.0,613756000000.0,235556000000.0,
TSM,2021-09-30,414643431000.0,134358942000.0,212746243000.0,171003543000.0,252556021000.0,30873376000.0,1134399000.0,3092688800000.0,1979870900000.0,623639521000.0,747982100000.0,170438700000.0,179971600000.0,318706000000.0,507346000000.0,188640000000.0,
TSM,2021-06-30,372145122000.0,134358942000.0,186196818000.0,145667205000.0,252556021000.0,30873376000.0,1134399000.0,3092688800000.0,1979870900000.0,574047529000.0,747982100000.0,170438700000.0,179971600000.0,187439494000.0,357953475000.0,170513981000.0,
TSM,2021-03-31,362474441000.0,142766434000.0,189839430000.0,157120174000.0,258093854000.0,29940412000.0,768582000.0,2760711405000.0,1849657256000.0,389095917000.0,660170647000.0,137353407000.0,146089048000.0,227815706000.0,477625125000.0,249809419000.0,
TSM,2020-12-31,361580556000.0,142766434000.0,195236325000.0,157120174000.0,259379784000.0,29940412000.0,768627000.0,2760711405000.0,1849657256000.0,365192370000.0,660170647000.0,137353407000.0,146089048000.0,259130584000.0,348643743000.0,89513159000.0,
TSM,2020-09-30,356439030000.0,137310040000.0,190493496000.0,150047349000.0,247771320000.0,29683751000.0,373164000.0,2635572214000.0,1787361029000.0,402586322000.0,604195113000.0,109509486000.0,162618870000.0,190171227000.0,291891512000.0,101720285000.0,
TSSI,2025-03-31,98959000.0,2979000.0,9210000.0,4113000.0,4323000.0,,1468000.0,113539000.0,9391000.0,32916000.0,27339000.0,20396000.0,12839000.0,20637000.0,35510000.0,14873000.0,
TSSI,2024-12-31,50025000.0,1913000.0,7213000.0,2756000.0,2948000.0,,721000.0,94289000.0,7138000.0,24506000.0,23222000.0,15394000.0,16203000.0,-21649000.0,-14932000.0,6717000.0,
TSSI,2024-09-30,70068000.0,2646000.0,7887000.0,3794000.0,4002000.0,,1128000.0,67282000.0,7654000.0,3870000.0,46448000.0,4983000.0,8145000.0,38627000.0,38672000.0,45000.0,
TSSI,2024-06-30,12159000.0,1402000.0,4419000.0,1700000.0,1817000.0,,272000.0,28905000.0,5154000.0,4054000.0,8311000.0,4939000.0,7519000.0,-4328000.0,-2646000.0,1682000.0,
TSSI,2024-03-31,15892000.0,15000.0,2642000.0,253000.0,325000.0,,228000.0,26791000.0,3659000.0,4237000.0,14383000.0,848000.0,5057000.0,2646000.0,2685000.0,39000.0,
TSSI,2023-12-31,24408000.0,336000.0,3192000.0,724000.0,795000.0,,374000.0,25600000.0,3549000.0,4319000.0,11831000.0,2343000.0,4837000.0,-16848000.0,-16831000.0,17000.0,
TSSI,2023-09-30,8880000.0,209000.0,2830000.0,715000.0,787000.0,,482000.0,44597000.0,3092000.0,4481000.0,28703000.0,2131000.0,6921000.0,4589000.0,4624000.0,35000.0,
TSSI,2023-06-30,14537000.0,315000.0,3222000.0,975000.0,1063000.0,,648000.0,43298000.0,2752000.0,4641000.0,24172000.0,1263000.0,10736000.0,17535000.0,17555000.0,20000.0,
TSSI,2023-03-31,6574000.0,-786000.0,1686000.0,-665000.0,-576000.0,,112000.0,24373000.0,2287000.0,4785000.0,6666000.0,7305000.0,3225000.0,-13545000.0,-13360000.0,185000.0,
TSSI,2022-12-31,10947000.0,-1141000.0,1937000.0,-723000.0,-555000.0,,427000.0,31406000.0,2934000.0,4776000.0,20397000.0,862000.0,2976000.0,11159000.0,11482000.0,323000.0,
TSSI,2022-09-30,8077000.0,605000.0,2765000.0,871000.0,940000.0,,255000.0,24889000.0,3906000.0,5090000.0,9605000.0,1739000.0,6144000.0,3084000.0,3175000.0,91000.0,
TSSI,2022-06-30,6421000.0,771000.0,2612000.0,939000.0,1009000.0,,158000.0,20598000.0,2907000.0,7284000.0,8366000.0,231000.0,4413000.0,-4411000.0,-4297000.0,114000.0,
TSSI,2022-03-31,5192000.0,-308000.0,1666000.0,-173000.0,-63000.0,,124000.0,23236000.0,1998000.0,7403000.0,12841000.0,278000.0,2611000.0,4880000.0,4888000.0,8000.0,
TSSI,2021-12-31,14585000.0,-264000.0,1683000.0,-100000.0,58470.0,,159000.0,19281000.0,2203000.0,7605000.0,7992000.0,847000.0,2419000.0,-3975000.0,-3971000.0,4000.0,
TSSI,2021-09-30,4587000.0,123000.0,1921000.0,228000.0,361000.0,,83000.0,20751000.0,2375000.0,2427000.0,11987000.0,3636000.0,2591000.0,4775000.0,4783000.0,8000.0,
TSSI,2021-06-30,3068000.0,-456000.0,1452000.0,-351000.0,-215000.0,,103000.0,12249000.0,2190000.0,2588000.0,7273000.0,162000.0,2084000.0,-1224000.0,-1173000.0,51000.0,
TSSI,2021-03-31,5170000.0,-699000.0,1305000.0,-607000.0,-470000.0,,85000.0,13143000.0,2540000.0,3062000.0,8903000.0,290000.0,1168000.0,-10028000.0,-10027000.0,1000.0,
TSSI,2020-12-31,7248000.0,637000.0,1662000.0,-140000.0,895000.0,,96000.0,23808000.0,3183000.0,3190000.0,19012000.0,197000.0,1721000.0,9559000.0,9574000.0,15000.0,
TSSI,2020-09-30,20763000.0,852000.0,2773000.0,966000.0,1105000.0,,105000.0,14545000.0,2380000.0,4201000.0,9455000.0,207000.0,1599000.0,2341000.0,2359000.0,18000.0,
TSSI,2020-06-30,6454000.0,-1042000.0,767000.0,-949000.0,-817000.0,,84000.0,14776000.0,1493000.0,4312000.0,7134000.0,950000.0,3185000.0,1109000.0,1295000.0,186000.0,
URBN,2025-04-30,1329501000.0,108347000.0,489064000.0,128227000.0,157781000.0,,,4457076000.0,2431807000.0,1140529000.0,189433000.0,663803000.0,93248000.0,33032000.0,79190000.0,46158000.0,
URBN,2025-01-31,1636120000.0,120301000.0,527681000.0,125314000.0,187185000.0,,,4519480000.0,2471504000.0,1098358000.0,290481000.0,621146000.0,74014000.0,320472000.0,359001000.0,38529000.0,
URBN,2024-10-31,1361855000.0,102911000.0,497319000.0,128691000.0,158170000.0,,,4485783000.0,2352923000.0,1107805000.0,182516000.0,793324000.0,96977000.0,18548000.0,63746000.0,45198000.0,
URBN,2024-07-31,1351959000.0,117485000.0,493285000.0,145135000.0,173926000.0,,,4258823000.0,2241433000.0,1103161000.0,209129000.0,604667000.0,78749000.0,105263000.0,163026000.0,57763000.0,
URBN,2024-04-30,1200732000.0,61765000.0,412986000.0,79225000.0,106986000.0,,,4188702000.0,2162334000.0,1074017000.0,173995000.0,578990000.0,88297000.0,58551000.0,99642000.0,41091000.0,
URBN,2024-01-31,1486194000.0,47751000.0,444668000.0,74223000.0,102499000.0,,7131000.0,4111209000.0,2112540000.0,1078498000.0,178321000.0,550242000.0,67008000.0,229172000.0,277760000.0,48588000.0,
URBN,2023-10-31,1281174000.0,83014000.0,454407000.0,108978000.0,136793000.0,,244000.0,4109656000.0,2046558000.0,1081572000.0,206237000.0,721011000.0,77399000.0,68992000.0,141512000.0,72520000.0,
URBN,2023-07-31,1272195000.0,104092000.0,455581000.0,132098000.0,155690000.0,,244000.0,3969936000.0,1967391000.0,1110510000.0,224744000.0,586514000.0,79118000.0,174970000.0,220583000.0,45613000.0,
URBN,2023-04-30,1113674000.0,52817000.0,371231000.0,71383000.0,95262000.0,,1019000.0,3792670000.0,1850682000.0,1078728000.0,171655000.0,590326000.0,105589000.0,36277000.0,69181000.0,32904000.0,-29590000.0
URBN,2023-01-31,1384573000.0,31462000.0,372320000.0,37250000.0,58031000.0,,24810000.0,3682912000.0,1792683000.0,1117368000.0,201260000.0,587510000.0,70339000.0,148899000.0,204967000.0,56068000.0,51508000.0
URBN,2022-10-31,1175349000.0,37231000.0,357043000.0,57318000.0,57318000.0,,5019000.0,3720116000.0,1738391000.0,1085411000.0,147431000.0,743579000.0,81422000.0,25493000.0,63286000.0,37793000.0,55092000.0
URBN,2022-07-31,1183388000.0,59473000.0,374552000.0,85818000.0,111499000.0,,2262000.0,3653432000.0,1707192000.0,1091116000.0,91665000.0,697474000.0,97374000.0,47894000.0,79823000.0,31929000.0,20346000.0
URBN,2022-04-30,1051934000.0,31533000.0,323301000.0,46237000.0,72939000.0,,1989000.0,3642310000.0,1695921000.0,1140913000.0,71640000.0,629953000.0,97058000.0,-79557000.0,-5834000.0,73723000.0,-134628000.0
URBN,2022-01-31,1332199000.0,40952000.0,367296000.0,53308000.0,128569000.0,,1432000.0,3791347000.0,1745740000.0,1187395000.0,206575000.0,569699000.0,63760000.0,137040000.0,240461000.0,103421000.0,-29779000.0
URBN,2021-10-31,1131424000.0,88855000.0,390738000.0,115902000.0,142664000.0,,,3890606000.0,1746731000.0,1226100000.0,236354000.0,627103000.0,114208000.0,27086000.0,80470000.0,53384000.0,-228457000.0
URBN,2021-07-31,1157725000.0,127262000.0,435265000.0,165853000.0,191443000.0,,,3742888000.0,1669420000.0,1273550000.0,464811000.0,483148000.0,94402000.0,158087000.0,221122000.0,63035000.0,100564000.0
URBN,2021-04-30,927415000.0,53547000.0,300651000.0,73503000.0,99136000.0,,,3579607000.0,1534509000.0,1306454000.0,364247000.0,477777000.0,85307000.0,37106000.0,79695000.0,42589000.0,-31388000.0
URBN,2021-01-31,1088393000.0,28574000.0,289084000.0,34780000.0,63189000.0,,3405000.0,3546345000.0,1477358000.0,1328712000.0,395635000.0,389618000.0,89952000.0,71145000.0,141234000.0,70089000.0,-229310000.0
URBN,2020-10-31,969607000.0,76704000.0,322941000.0,98508000.0,123428000.0,,,3530675000.0,1431319000.0,1324556000.0,624945000.0,489234000.0,87187000.0,99453000.0,116503000.0,17050000.0,-37915000.0
URBN,2020-07-31,803266000.0,34400000.0,238038000.0,69419000.0,94883000.0,,,3425278000.0,1350593000.0,1492576000.0,662860000.0,351771000.0,60441000.0,174868000.0,203453000.0,28585000.0,74120000.0
VEEV,2025-04-30,759043000.0,228190000.0,585219000.0,233732000.0,233732000.0,184033000.0,,7765077000.0,6211098000.0,77231000.0,1964982000.0,,541278000.0,877158000.0,883068000.0,5910000.0,
VEEV,2025-01-31,720886000.0,195625000.0,539895000.0,188423000.0,198355000.0,181527000.0,,7339756000.0,5832373000.0,75775000.0,1118785000.0,,1057117000.0,69544000.0,74264000.0,4720000.0,
VEEV,2024-10-31,699207000.0,185808000.0,524818000.0,181353000.0,181353000.0,172411000.0,,6452853000.0,5501403000.0,71701000.0,1044511000.0,,301289000.0,164117000.0,168388000.0,4271000.0,
VEEV,2024-07-31,676181000.0,171041000.0,505809000.0,166487000.0,177507000.0,176429000.0,,6330837000.0,5184698000.0,54094000.0,1165754000.0,,404151000.0,92874000.0,95926000.0,3052000.0,
VEEV,2024-04-30,650345000.0,161664000.0,476461000.0,155172000.0,163671000.0,162711000.0,,6187558000.0,4889381000.0,55743000.0,1197196000.0,,401091000.0,763516000.0,771992000.0,8476000.0,
VEEV,2024-01-31,630618000.0,147398000.0,453053000.0,135264000.0,144971000.0,163536000.0,30248000.0,5910920000.0,4644824000.0,55775000.0,703487000.0,,888537000.0,57769000.0,65504000.0,7735000.0,
VEEV,2023-10-31,616505000.0,135158000.0,448823000.0,128489000.0,136853000.0,161278000.0,,5225772000.0,4379773000.0,57666000.0,743712000.0,1.0,300341000.0,82598000.0,88508000.0,5910000.0,
VEEV,2023-07-31,590225000.0,111628000.0,421207000.0,104049000.0,112136000.0,157228000.0,,5228143000.0,4152643000.0,58505000.0,742607000.0,1.0,416607000.0,265036000.0,274629000.0,9593000.0,-351317000.0
VEEV,2023-04-30,526325000.0,131521000.0,359662000.0,61530000.0,69079000.0,146960000.0,30248000.0,5023370000.0,3943063000.0,58228000.0,1093634000.0,1.0,451010000.0,505936000.0,508894000.0,2958000.0,207150000.0
VEEV,2023-01-31,563389000.0,188533000.0,399075000.0,108923000.0,116602000.0,142538000.0,26440000.0,4804296000.0,3716252000.0,60976000.0,886465000.0,1.0,785229000.0,63397000.0,67304000.0,3907000.0,
VEEV,2022-10-31,552351000.0,108457000.0,398444000.0,121404000.0,128561000.0,130257000.0,12458000.0,4182717000.0,3418792000.0,61890000.0,865159000.0,1.0,324944000.0,142660000.0,142677000.0,17000.0,-273612000.0
VEEV,2022-07-31,534218000.0,90601000.0,382549000.0,101092000.0,108320000.0,134008000.0,8398000.0,4116583000.0,3243931000.0,63472000.0,1140246000.0,1.0,390997000.0,93386000.0,93389000.0,3000.0,-98703000.0
VEEV,2022-04-30,505102000.0,100115000.0,365587000.0,127672000.0,134730000.0,113475000.0,2709000.0,4011222000.0,3068275000.0,54068000.0,1239998000.0,1.0,391648000.0,481027000.0,483360000.0,2333000.0,103832000.0
VEEV,2022-01-31,485499000.0,97096000.0,349618000.0,119718000.0,126759000.0,105275000.0,239000.0,3816465000.0,2911637000.0,54588000.0,1138040000.0,1.0,694400000.0,54054000.0,57973000.0,3919000.0,
VEEV,2021-10-31,476111000.0,105869000.0,346547000.0,132708000.0,139607000.0,98635000.0,,3367486000.0,2769361000.0,56040000.0,1149946000.0,,279016000.0,112959000.0,113182000.0,223000.0,86684000.0
VEEV,2021-07-31,455594000.0,108858000.0,333497000.0,124624000.0,131504000.0,94899000.0,,3351383000.0,2620097000.0,58735000.0,1064731000.0,1.0,334719000.0,119065000.0,119169000.0,104000.0,-118092000.0
VEEV,2021-04-30,433573000.0,115567000.0,317437000.0,128446000.0,135074000.0,83226000.0,,3222149000.0,2444984000.0,59952000.0,1184980000.0,1.0,313694000.0,478385000.0,479191000.0,806000.0,457241000.0
VEEV,2021-01-31,396761000.0,102918000.0,282914000.0,98843000.0,105578000.0,81938000.0,,3046067000.0,2266320000.0,63118000.0,730504000.0,,611593000.0,68351000.0,68578000.0,227000.0,98437000.0
VEEV,2020-10-31,377519000.0,96959000.0,274522000.0,101305000.0,108830000.0,79992000.0,,2583641000.0,2106379000.0,59015000.0,634265000.0,1.0,236670000.0,95403000.0,96100000.0,697000.0,-160918000.0
VEEV,2020-07-31,353683000.0,93551000.0,256479000.0,90081000.0,97398000.0,70053000.0,,2516409000.0,1956727000.0,57305000.0,795782000.0,1.0,257453000.0,105320000.0,105504000.0,184000.0,70415000.0
VRT,2025-06-30,2638100000.0,324200000.0,896600000.0,421100000.0,,,23600000.0,10406200000.0,3125400000.0,224100000.0,1640800000.0,1413300000.0,2831000000.0,626792558.0,708292558.0,81500000.0,
VRT,2025-03-31,2036000000.0,164500000.0,686500000.0,290700000.0,362300000.0,,25300000.0,9451100000.0,2666400000.0,3144000000.0,1467300000.0,1383500000.0,2310500000.0,303300000.0,339800000.0,36500000.0,
VRT,2024-12-31,2346400000.0,147000000.0,870200000.0,457200000.0,346900000.0,352100000.0,30700000.0,9132500000.0,2434300000.0,3145300000.0,1227600000.0,1244400000.0,2362700000.0,425200000.0,485900000.0,60700000.0,
VRT,2024-09-30,2073500000.0,176600000.0,756400000.0,371600000.0,373300000.0,,35900000.0,8891400000.0,1813700000.0,3127300000.0,908700000.0,1255200000.0,2328500000.0,378200000.0,417400000.0,39200000.0,
VRT,2024-06-30,1952800000.0,178100000.0,741200000.0,336000000.0,377900000.0,,44800000.0,8108300000.0,1537500000.0,3128200000.0,587700000.0,1103700000.0,2218800000.0,378400000.0,423400000.0,45000000.0,
VRT,2024-03-31,1639100000.0,-5900000.0,566400000.0,202600000.0,94700000.0,,39000000.0,7591400000.0,1393400000.0,3135200000.0,280500000.0,987100000.0,2097100000.0,137500000.0,174000000.0,36500000.0,
VRT,2023-12-31,1865400000.0,232600000.0,683400000.0,285200000.0,361900000.0,303500000.0,42900000.0,7998500000.0,2014900000.0,3126400000.0,780400000.0,884300000.0,2185200000.0,356200000.0,407300000.0,51100000.0,
VRT,2023-09-30,1742600000.0,94100000.0,627600000.0,250900000.0,323100000.0,,43500000.0,7414300000.0,1713900000.0,3070800000.0,500000000.0,921700000.0,2020700000.0,248700000.0,276100000.0,27400000.0,
VRT,2023-06-30,1734100000.0,83200000.0,594000000.0,205800000.0,289700000.0,,46900000.0,7256600000.0,1658100000.0,3076800000.0,274900000.0,920200000.0,2022600000.0,253600000.0,279900000.0,26300000.0,2200000.0
VRT,2023-03-31,1521100000.0,50300000.0,495500000.0,130300000.0,201100000.0,,46800000.0,7255400000.0,1550800000.0,3355000000.0,276100000.0,903500000.0,1991900000.0,42000000.0,71800000.0,29800000.0,5800000.0
VRT,2022-12-31,1654600000.0,26600000.0,511700000.0,162400000.0,231700000.0,282000000.0,45800000.0,7095700000.0,1441900000.0,3322900000.0,260600000.0,822000000.0,1888800000.0,180700000.0,222000000.0,41300000.0,
VRT,2022-09-30,1481100000.0,21200000.0,429300000.0,80000000.0,154400000.0,,38800000.0,6827000000.0,1267100000.0,3245600000.0,258000000.0,804300000.0,1743800000.0,4400000.0,29200000.0,24800000.0,
VRT,2022-06-30,1399400000.0,20300000.0,371500000.0,26200000.0,106900000.0,,33400000.0,6827100000.0,1351700000.0,3181000000.0,194400000.0,794600000.0,1676200000.0,-205700000.0,-179000000.0,26700000.0,-82400000.0
VRT,2022-03-31,1156400000.0,8500000.0,303600000.0,-45700000.0,33500000.0,,29300000.0,6911000000.0,1454100000.0,2968100000.0,288500000.0,774500000.0,1534300000.0,-132200000.0,-114000000.0,18200000.0,-151900000.0
VRT,2021-12-31,1410500000.0,22000000.0,373700000.0,-3900000.0,108600000.0,266400000.0,24100000.0,6939600000.0,1417700000.0,2972300000.0,439100000.0,616300000.0,1536400000.0,36500000.0,68300000.0,31800000.0,-305200000.0
VRT,2021-09-30,1228900000.0,56200000.0,381700000.0,81800000.0,143000000.0,,22400000.0,5261700000.0,785700000.0,2140200000.0,743600000.0,577400000.0,1386100000.0,54400000.0,71400000.0,17000000.0,38300000.0
VRT,2021-06-30,1260300000.0,9700000.0,409300000.0,102200000.0,160900000.0,,20000000.0,5332000000.0,743700000.0,2144600000.0,708800000.0,551400000.0,1374000000.0,59300000.0,77200000.0,17900000.0,30200000.0
VRT,2021-03-31,1098400000.0,31700000.0,358000000.0,79800000.0,127100000.0,,24100000.0,5161400000.0,728700000.0,2148900000.0,677200000.0,511100000.0,1294500000.0,60700000.0,78600000.0,17900000.0,145700000.0
VRT,2020-12-31,1305500000.0,74900000.0,427200000.0,130300000.0,183000000.0,228600000.0,25000000.0,5073800000.0,668300000.0,2152500000.0,534600000.0,446600000.0,1354400000.0,194500000.0,221000000.0,26500000.0,
VRT,2020-09-30,1162000000.0,-15800000.0,413000000.0,128800000.0,178100000.0,,26400000.0,4771700000.0,371700000.0,2275900000.0,324300000.0,465500000.0,1288700000.0,138400000.0,147500000.0,9100000.0,
WMT,2025-04-30,165609000000.0,4487000000.0,41306000000.0,7135000000.0,10000000000.0,,637000000.0,262372000000.0,83793000000.0,67205000000.0,9311000000.0,57467000000.0,9686000000.0,5411000000.0,10397000000.0,4986000000.0,
WMT,2025-01-31,180554000000.0,5254000000.0,44382000000.0,7859000000.0,11054000000.0,,717000000.0,260823000000.0,91013000000.0,60114000000.0,9037000000.0,56435000000.0,9975000000.0,13525000000.0,20612000000.0,7087000000.0,
WMT,2024-10-31,169588000000.0,4577000000.0,42248000000.0,6708000000.0,9976000000.0,,618000000.0,263399000000.0,88108000000.0,61749000000.0,10049000000.0,63302000000.0,10039000000.0,6561000000.0,12750000000.0,6189000000.0,
WMT,2024-07-31,169335000000.0,4501000000.0,42525000000.0,7940000000.0,10103000000.0,,679000000.0,254440000000.0,84423000000.0,61305000000.0,8811000000.0,55611000000.0,8650000000.0,12108000000.0,17939000000.0,5831000000.0,
WMT,2024-04-30,161508000000.0,5104000000.0,40077000000.0,6841000000.0,10877000000.0,,714000000.0,254054000000.0,81293000000.0,64463000000.0,9405000000.0,55382000000.0,9075000000.0,4249000000.0,8925000000.0,4676000000.0,
WMT,2024-01-31,173388000000.0,5494000000.0,41563000000.0,7254000000.0,11330000000.0,,695000000.0,252399000000.0,83861000000.0,60443000000.0,9867000000.0,54892000000.0,8796000000.0,16712000000.0,22644000000.0,5932000000.0,
WMT,2023-10-31,160804000000.0,453000000.0,39621000000.0,6202000000.0,4583000000.0,,682000000.0,259174000000.0,79456000000.0,69739000000.0,12154000000.0,63951000000.0,8625000000.0,813000000.0,6271000000.0,5458000000.0,
WMT,2023-07-31,161632000000.0,7891000000.0,39782000000.0,7316000000.0,14274000000.0,,642000000.0,255121000000.0,79556000000.0,64801000000.0,13888000000.0,56722000000.0,7891000000.0,13568000000.0,18355000000.0,4787000000.0,3270000000.0
WMT,2023-04-30,152301000000.0,1673000000.0,37017000000.0,6240000000.0,6197000000.0,,664000000.0,245053000000.0,72405000000.0,63867000000.0,10575000000.0,56932000000.0,7647000000.0,4633000000.0,9062000000.0,4429000000.0,1713000000.0
WMT,2023-01-31,164048000000.0,6275000000.0,38625000000.0,5561000000.0,12323000000.0,,610000000.0,243457000000.0,76693000000.0,58923000000.0,8885000000.0,56576000000.0,7933000000.0,13403000000.0,18199000000.0,4796000000.0,-3072000000.0
WMT,2022-10-31,152813000000.0,-1798000000.0,37200000000.0,2695000000.0,1908000000.0,,584000000.0,247656000000.0,72253000000.0,65380000000.0,11587000000.0,64706000000.0,8218000000.0,6458000000.0,11027000000.0,4569000000.0,-2104000000.0
WMT,2022-07-31,152859000000.0,5149000000.0,37021000000.0,6854000000.0,9822000000.0,,479000000.0,247199000000.0,77569000000.0,65309000000.0,13923000000.0,59921000000.0,7522000000.0,12998000000.0,16951000000.0,3953000000.0,2257000000.0
WMT,2022-04-30,141569000000.0,2054000000.0,34722000000.0,5318000000.0,6036000000.0,,455000000.0,246142000000.0,76896000000.0,66817000000.0,11817000000.0,61229000000.0,7674000000.0,-3758000000.0,-219000000.0,3539000000.0,-3001000000.0
WMT,2022-01-31,152871000000.0,3562000000.0,37349000000.0,5887000000.0,7915000000.0,,427000000.0,244860000000.0,83253000000.0,57323000000.0,14760000000.0,56511000000.0,8280000000.0,7890000000.0,12408000000.0,4518000000.0,-1310000000.0
WMT,2021-10-31,140525000000.0,3105000000.0,35502000000.0,5792000000.0,7283000000.0,,486000000.0,244851000000.0,82274000000.0,57597000000.0,16111000000.0,57484000000.0,7349000000.0,3868000000.0,7437000000.0,3569000000.0,-6618000000.0
WMT,2021-07-31,141048000000.0,4276000000.0,35865000000.0,7354000000.0,9079000000.0,,515000000.0,238552000000.0,80529000000.0,60879000000.0,22831000000.0,47754000000.0,6103000000.0,9565000000.0,12370000000.0,2805000000.0,-43000000.0
WMT,2021-04-30,138310000000.0,2730000000.0,35038000000.0,6909000000.0,7071000000.0,,566000000.0,236581000000.0,78335000000.0,62822000000.0,22846000000.0,46383000000.0,5797000000.0,2858000000.0,5072000000.0,2214000000.0,3309000000.0
WMT,2021-01-31,152079000000.0,-2091000000.0,36818000000.0,5487000000.0,2750000000.0,,524000000.0,252496000000.0,81298000000.0,63246000000.0,17741000000.0,44949000000.0,6516000000.0,13194000000.0,17020000000.0,3826000000.0,
WMT,2020-10-31,134708000000.0,5135000000.0,34369000000.0,5778000000.0,10427000000.0,,541000000.0,250863000000.0,81431000000.0,68478000000.0,14325000000.0,51842000000.0,5770000000.0,3924000000.0,6793000000.0,2869000000.0,-2475000000.0
WMT,2020-07-31,137742000000.0,6476000000.0,35053000000.0,6059000000.0,12075000000.0,,658000000.0,237382000000.0,75310000000.0,69494000000.0,16906000000.0,41084000000.0,5111000000.0,11939000000.0,13756000000.0,1817000000.0,1622000000.0
XOM,2025-06-30,93060000000.0,9240000000.0,29057000000.0,13665000000.0,24264000000.0,,271000000.0,447597000000.0,262593000000.0,65173000000.0,14352000000.0,25371000000.0,41792000000.0,,,,
XOM,2025-03-31,81058000000.0,7713000000.0,18485000000.0,9846000000.0,17507000000.0,,205000000.0,451908000000.0,262720000000.0,37551000000.0,17036000000.0,24478000000.0,46303000000.0,12953000000.0,18851000000.0,5898000000.0,
XOM,2024-12-31,81058000000.0,7610000000.0,17247000000.0,7773000000.0,16695000000.0,,297000000.0,453475000000.0,263705000000.0,41710000000.0,23029000000.0,23524000000.0,43681000000.0,12229000000.0,19066000000.0,6837000000.0,
XOM,2024-09-30,87792000000.0,8610000000.0,20392000000.0,11042000000.0,19491000000.0,,207000000.0,461916000000.0,268592000000.0,42550000000.0,26926000000.0,23875000000.0,41505000000.0,17569000000.0,23729000000.0,6160000000.0,
XOM,2024-06-30,89986000000.0,9240000000.0,20196000000.0,10896000000.0,19723000000.0,,271000000.0,460707000000.0,268405000000.0,43186000000.0,26460000000.0,24503000000.0,43071000000.0,10560000000.0,16795000000.0,6235000000.0,
XOM,2024-03-31,80411000000.0,8220000000.0,18907000000.0,9941000000.0,17402000000.0,,221000000.0,377918000000.0,205250000000.0,40440000000.0,33320000000.0,23491000000.0,40366000000.0,14664000000.0,19738000000.0,5074000000.0,
XOM,2023-12-31,81688000000.0,7630000000.0,17703000000.0,8458000000.0,18637000000.0,879000000.0,272000000.0,376317000000.0,204802000000.0,41573000000.0,31539000000.0,25120000000.0,38015000000.0,13682000000.0,19910000000.0,6228000000.0,
XOM,2023-09-30,88570000000.0,9070000000.0,22383000000.0,11844000000.0,18283000000.0,,169000000.0,372259000000.0,199703000000.0,41253000000.0,32944000000.0,24450000000.0,41814000000.0,15963000000.0,20883000000.0,4920000000.0,
XOM,2023-06-30,80795000000.0,7880000000.0,20095000000.0,9950000000.0,16147000000.0,,249000000.0,363248000000.0,199046000000.0,41496000000.0,29528000000.0,24249000000.0,35915000000.0,9383000000.0,14742000000.0,5359000000.0,-3149000000.0
XOM,2023-03-31,83644000000.0,11430000000.0,23961000000.0,14209000000.0,21206000000.0,,159000000.0,369371000000.0,198685000000.0,41446000000.0,32651000000.0,23642000000.0,38808000000.0,16341000000.0,21753000000.0,5412000000.0,2909000000.0
XOM,2022-12-31,93164000000.0,12750000000.0,26974000000.0,16884000000.0,24113000000.0,824000000.0,207000000.0,369067000000.0,195049000000.0,41193000000.0,29640000000.0,24435000000.0,41749000000.0,17621000000.0,23404000000.0,5783000000.0,-1671000000.0
XOM,2022-09-30,106512000000.0,19660000000.0,29356000000.0,20227000000.0,31273000000.0,,209000000.0,370152000000.0,186100000000.0,45428000000.0,30407000000.0,24096000000.0,42411000000.0,24425000000.0,29301000000.0,4876000000.0,12254000000.0
XOM,2022-06-30,111265000000.0,17850000000.0,30515000000.0,20831000000.0,29578000000.0,,194000000.0,367774000000.0,177316000000.0,46883000000.0,18861000000.0,23585000000.0,48063000000.0,19963000000.0,23800000000.0,3837000000.0,8228000000.0
XOM,2022-03-31,87734000000.0,5480000000.0,16222000000.0,6086000000.0,17627000000.0,,188000000.0,354771000000.0,169215000000.0,47537000000.0,11074000000.0,22177000000.0,42142000000.0,14788000000.0,18699000000.0,3911000000.0,4130000000.0
XOM,2021-12-31,81305000000.0,8870000000.0,19372000000.0,8390000000.0,17611000000.0,843000000.0,221000000.0,338923000000.0,168577000000.0,47704000000.0,6802000000.0,18780000000.0,32383000000.0,17124000000.0,21213000000.0,4089000000.0,2055000000.0
XOM,2021-09-30,71892000000.0,6750000000.0,18438000000.0,8072000000.0,14810000000.0,,214000000.0,336688000000.0,160589000000.0,56605000000.0,4768000000.0,19607000000.0,29516000000.0,12091000000.0,14931000000.0,2840000000.0,1380000000.0
XOM,2021-06-30,65943000000.0,4690000000.0,15191000000.0,4924000000.0,11513000000.0,,254000000.0,337289000000.0,158571000000.0,60612000000.0,3465000000.0,19275000000.0,28540000000.0,9650000000.0,12397000000.0,2747000000.0,-88000000.0
XOM,2021-03-31,57552000000.0,2730000000.0,11885000000.0,2633000000.0,8854000000.0,,258000000.0,333770000000.0,156974000000.0,63322000000.0,3515000000.0,18357000000.0,24755000000.0,9264000000.0,11664000000.0,2400000000.0,-876000000.0
XOM,2020-12-31,45738000000.0,-20070000000.0,-16594000000.0,-26709000000.0,3991000000.0,1016000000.0,313000000.0,332750000000.0,157150000000.0,67640000000.0,4364000000.0,18850000000.0,20581000000.0,4005000000.0,7634000000.0,3629000000.0,-4580000000.0
XOM,2020-09-30,45425000000.0,-680000000.0,9389000000.0,-595000000.0,4890000000.0,,279000000.0,358043000000.0,177400000000.0,68799000000.0,8832000000.0,17885000000.0,19974000000.0,4389000000.0,7680000000.0,3291000000.0,-3814000000.0
ZS,2025-04-30,678034000.0,-4125000.0,522056000.0,-25411000.0,38974000.0,169765000.0,1966000.0,5339628000.0,1804939000.0,1228815000.0,1990890000.0,,615787000.0,211081000.0,302699000.0,91618000.0,
ZS,2025-01-31,647900000.0,-7724000.0,499402000.0,-40140000.0,13553000.0,170860000.0,2281000.0,5005968000.0,1607346000.0,1238342000.0,1758506000.0,,514314000.0,179433000.0,215438000.0,36005000.0,
ZS,2024-10-31,627955000.0,-12051000.0,486493000.0,-30667000.0,24392000.0,154254000.0,3143000.0,4709002000.0,1428545000.0,1237337000.0,1553645000.0,,424573000.0,331335000.0,370789000.0,39454000.0,
ZS,2024-07-31,592868000.0,-14878000.0,462663000.0,-26950000.0,23028000.0,139150000.0,3604000.0,4704968000.0,1274102000.0,1237965000.0,1423080000.0,,736529000.0,203557000.0,270796000.0,67239000.0,
ZS,2024-04-30,553201000.0,19124000.0,434099000.0,-4423000.0,44303000.0,125015000.0,2764000.0,4198751000.0,1093139000.0,1235441000.0,1259197000.0,,506284000.0,173414000.0,223702000.0,50288000.0,
ZS,2024-01-31,524999000.0,-28469000.0,407113000.0,-47068000.0,1806000.0,122164000.0,3829000.0,3934226000.0,958856000.0,1233690000.0,1438586000.0,,479611000.0,142069000.0,183350000.0,41281000.0,
ZS,2023-10-31,496703000.0,-33483000.0,385309000.0,-46057000.0,5558000.0,113539000.0,3159000.0,3635584000.0,807525000.0,1215770000.0,1361723000.0,119417000.0,366843000.0,260806000.0,296894000.0,36088000.0,
ZS,2023-07-31,455006000.0,-30674000.0,352324000.0,-44552000.0,4553000.0,96387000.0,2494000.0,3608317000.0,725112000.0,1210545000.0,1262206000.0,115827000.0,582636000.0,135936000.0,170571000.0,34635000.0,
ZS,2023-04-30,418800000.0,-46046000.0,322951000.0,-49445000.0,-12089000.0,92637000.0,1383000.0,3200712000.0,601274000.0,1214778000.0,1275297000.0,103896000.0,376339000.0,108469000.0,143052000.0,34583000.0,18285000.0
ZS,2023-01-31,387598000.0,-57453000.0,299994000.0,-65238000.0,-28632000.0,85765000.0,1333000.0,3039956000.0,528657000.0,1215922000.0,1257012000.0,96105000.0,358614000.0,89481000.0,116144000.0,26663000.0,172067000.0
ZS,2022-10-31,355548000.0,-68162000.0,278851000.0,-69087000.0,-48629000.0,74946000.0,1331000.0,2835732000.0,431275000.0,1219253000.0,1084945000.0,90004000.0,268718000.0,128457000.0,161300000.0,32843000.0,71735000.0
ZS,2022-07-31,318059000.0,-97652000.0,249751000.0,-82529000.0,-40986000.0,78150000.0,14458000.0,2832665000.0,573300000.0,1045722000.0,1013210000.0,86210000.0,399745000.0,103138000.0,131505000.0,28367000.0,418317000.0
ZS,2022-04-30,286807000.0,-101405000.0,222785000.0,-86597000.0,-74979000.0,76578000.0,14246000.0,2524544000.0,531577000.0,1005206000.0,594893000.0,75897000.0,272092000.0,77241000.0,110737000.0,33496000.0,185074000.0
ZS,2022-01-31,255563000.0,-100420000.0,197780000.0,-83932000.0,-72691000.0,69195000.0,14040000.0,2422021000.0,539367000.0,989637000.0,409819000.0,69025000.0,269449000.0,48262000.0,67075000.0,18813000.0,38123000.0
ZS,2021-10-31,230517000.0,-90801000.0,178348000.0,-74371000.0,-63924000.0,65216000.0,13835000.0,2271118000.0,530199000.0,978036000.0,371696000.0,62067000.0,172028000.0,93271000.0,103175000.0,9904000.0,95798000.0
ZS,2021-07-31,197074000.0,-81023000.0,151596000.0,-67397000.0,-38396000.0,56180000.0,13634000.0,2257631000.0,528895000.0,964605000.0,275898000.0,57373000.0,257109000.0,44736000.0,61771000.0,17035000.0,169308000.0
ZS,2021-04-30,176404000.0,-58459000.0,137427000.0,-43850000.0,-33536000.0,40952000.0,13436000.0,2062276000.0,508107000.0,956709000.0,106590000.0,44541000.0,164923000.0,73368000.0,90955000.0,17587000.0,11243000.0
ZS,2021-01-31,157044000.0,-67541000.0,122909000.0,-53898000.0,-45087000.0,41751000.0,13245000.0,1969417000.0,502704000.0,941167000.0,95347000.0,39902000.0,170412000.0,30404000.0,42774000.0,12370000.0,-6669000.0
ZS,2020-10-31,142578000.0,-55006000.0,110851000.0,-42667000.0,-34582000.0,35770000.0,13049000.0,1852947000.0,492105000.0,927421000.0,102016000.0,35589000.0,105942000.0,53532000.0,64837000.0,11305000.0,-39835000.0
ZS,2020-07-31,125887000.0,-49549000.0,94529000.0,-44887000.0,-37289000.0,32785000.0,5025000.0,1833458000.0,484829000.0,905238000.0,141851000.0,32240000.0,147584000.0,31635000.0,52355000.0,20720000.0,17259000.0
